2046 3242
820 247 1116 289 -61-

326 378 428 422 Tac.
460 390 557 421 ann.
589 377 661 421 ΠΙ
692 378 767 420 66:
805 376 850 421 C.
882 376 1078 421 Silanum
1108 410 1119 420 .
1149 409 1160 419 .
1191 409 1202 420 .
1232 374 1478 419 Mamercus
1509 374 1700 418 Scaurus
1731 386 1757 416 e

183 449 497 511 consularibuS,
543 449 695 492 Iunius
725 447 842 492 Otho
872 451 1064 503 praetor,
1108 446 1370 491 Bruttedius
1416 446 1555 500 Niger
1599 445 1756 489 aedilis

183 520 312 565 simul
342 520 596 575 corripiunt.

553 663 619 706 M.
652 662 840 720 Opsius
871 661 1057 706 Navius
1088 661 1389 705 Fannianus.
1758 660 1978 699 dms-8⁸.

324 747 467 791 Extat
508 747 555 790 in
597 747 729 791 titulo
757 746 1048 801 Neapolitano
1079 745 1180 791 CIG
1210 746 1281 790 111
1313 746 1429 789 5793
1463 764 1518 781 =
1550 743 1615 788 IG
1646 744 1757 788 XIV

183 819 269 863 719
302 837 358 855 =
389 818 497 863 IGR
527 818 550 862 I
581 819 687 862 431:
727 815 851 861 Ἴσιδι
895 814 1137 860 Ἀπόλλωνα
1172 801 1305 873 Ὦρον
1346 812 1649 873 Ἁρποκράτην
1690 817 1757 860 Μ.

175 887 334 946 Ὄψιος
366 887 560 938 Νᾰοωυς
599 885 851 937 Φαννιανὸς
895 885 1129 945 στρατηγὸς
1174 885 1364 943 ἔπαρχος
1409 889 1554 931 σείιου
1602 884 1759 935 δόσεως

181 958 366 1016 δόγματι
396 959 636 1017 συγκλήτου
657 962 874 1015 Ρωμαίων
904 955 1179 1016 α’γορανόμος
1210 962 1370 1013 ταμίας
1391 958 1568 1003 Πόντου
1591 962 1757 1002 Rea-‘tv-

182 1031 278 1082 νίας
315 1032 599 1089 χειλίαραος)
638 1031 882 1087 λεγ(εῶνος)
923 1034 948 1073 έ
976 1030 1324 1086 Μακεδονικῶς)
1364 1028 1497 1086 ἄρξας
1536 1032 1556 1072 ί
1583 1025 1758 1086 ἀνδρῶν

182 1101 321 1160 ἀρχὴν
352 1101 428 1147 ἐπὶ
459 1100 626 1161 Mum·

151 1175 153 1177 ’
325 1175 432 1220 Fuit
461 1175 600 1230 igitur
618 1178 810 1230 praetor,
840 1172 1094 1228 praefectus
1114 1172 1324 1217 frumenti
1345 1173 1479 1216 dandi
1501 1185 1556 1216 ex
1577 1177 1758 1216 senatus

183 1246 392 1302 consulto,
423 1246 591 1301 aediliS,
623 1249 831 1300 quaestor
860 1245 993 1289 Ponti
1024 1248 1070 1288 et
1100 1244 1353 1300 Bithyniae,
1386 1244 1590 1288 tribunus
1622 1244 1758 1298 legio-

183 1318 252 1363 nis
281 1318 322 1363 V
353 1317 674 1372 Macedonicae,
706 1316 927 1360 decemvir
956 1316 1154 1360 stlitibus
1185 1315 1442 1360 iudicandis,

325 1389 447 1434 Idem
477 1389 656 1434 videtur
685 1401 782 1432 esse
813 1392 947 1442 atque
979 1388 1036 1432 M.
1058 1387 1218 1443 Opsius
1249 1400 1277 1431 a
1306 1386 1463 1431 Tacito
1494 1399 1592 1431 ann.
1615 1387 1678 1430 IV
1701 1388 1758 1429 68

180 1460 316 1518 (anno
346 1474 386 1516 p.
419 1461 516 1505 Chr.
547 1473 588 1505 n.
620 1460 696 1517 28)
727 1463 1007 1504 memoratus:
1040 1494 1050 1504 .
1082 1494 1092 1504 .
1123 1493 1133 1503 .
1164 1459 1293 1503 Hunc
1323 1458 1509 1514 (Titium
1530 1457 1759 1514 Sabinum)

184 1532 388 1577 Latinius
433 1532 642 1587 Latiaris,
686 1531 871 1576 Porcius
916 1531 1038 1586 Cato,
1083 1530 1272 1575 Petilius
1308 1529 1463 1584 Rufus,
1510 1530 1567 1573 Μ.
1599 1529 1760 1585 Opsius

184 1607 395 1660 praetura
424 1603 566 1648 functi
597 1603 916 1659 adgrediuntur
946 1602 1150 1658 cupidine
1181 1601 1446 1646 consulatus.

328 1676 454 1733 Quod
484 1688 581 1720 cum
612 1687 725 1719 anno
757 1676 813 1719 28
845 1674 1012 1719 factum
1043 1674 1103 1718 sit
1134 1678 1180 1718 et
1211 1674 1268 1718 Μ.
1294 1673 1475 1729 Opsium
1506 1673 1650 1717 suffici
1682 1679 1761 1717 aut

184 1748 231 1791 in
259 1747 561 1802 insequentem
592 1759 751 1791 annum
782 1746 924 1790 creari
955 1746 1147 1790 voluisse
1179 1745 1418 1789 verisimile
1454 1745 1526 1799 sit,
1573 1745 1692 1788 circa
1722 1758 1761 1788 a.

185 1820 242 1863 23
274 1818 549 1864 aedilitatem
579 1818 769 1874 gessisse
799 1821 994 1873 putatur.

763 1961 990 2004 Abudius
1023 1960 1181 2004 Ruso.
1810 1971 1844 1996 ⁸-
1870 1957 1930 1994 ³4-
1951 1932 1954 1934 v

327 2046 430 2090 Tac.
462 2059 558 2090 ann.
591 2046 656 2089 VI
688 2047 744 2090 30
777 2044 909 2102 (anno
941 2044 1035 2101 35):
1081 2044 1143 2089 Et
1173 2044 1374 2088 Abudius
1403 2044 1536 2098 Ruso,
1582 2042 1761 2087 functus

185 2117 427 2173 aedilitate,
459 2118 559 2161 dum
580 2116 770 2161 Lentulo
791 2116 1036 2171 Gaetulico,
1068 2116 1148 2160 snb
1180 2128 1265 2170 quo
1295 2115 1460 2170 legioni
1489 2114 1762 2170 praefuerat,

185 2189 426 2245 periculum
455 2188 650 2244 facessit,
682 2189 797 2243 quod
826 2188 865 2232 is
895 2187 1044 2232 Seiani
1074 2187 1211 2231 filium
1242 2199 1451 2243 generum
1481 2187 1761 2239 destinasset,

186 2259 303 2304 ultro
335 2261 568 2305 damnatur
598 2263 645 2304 et
674 2261 783 2304 urbe
814 2259 1020 2315 exigitur.

330 2331 404 2376 Cn.
436 2331 662 2376 Cornelius
693 2331 910 2376 Lentulus
941 2331 1199 2375 Gaetulicus
1237 2331 1387 2374 decem
1418 2342 1555 2374 annos
1585 2329 1763 2384 legatus

186 2403 440 2459 provinciae
485 2402 749 2448 Germaniae
794 2402 1034 2459 superioris
1078 2402 1165 2446 fuit
1178 2400 1212 2459 ι)
1259 2402 1316 2457 (a.
1348 2400 1558 2456 29-39)‚
1605 2400 1763 2454 quibus

188 2474 314 2519 annis
344 2475 544 2519 Abudius
575 2475 618 2518 ei
646 2479 825 2530 praesto
855 2474 955 2530 fuit,
991 2474 1047 2518 ·in
1078 2474 1309 2518 tribunatu
1339 2472 1528 2516 militnm
1557 2476 1610 2515 nt
1640 2471 1762 2515 vide-

187 2548 272 2590 tur.
333 2546 493 2600 Itaque
532 2546 866 2602 magistratibus
903 2545 1241 2599 intervallisque
1272 2543 1538 2598 computatis
1568 2542 1763 2586 dubitari

185 2617 354 2672 nequit,
385 2617 490 2671 quin
509 2618 629 2662 Ruso
659 2617 787 2662 brevi
818 2621 923 2661 ante
953 2629 1113 2660 annum
1143 2617 1201 2659 35
1233 2615 1389 2659 aedilis
1420 2614 1558 2658 fuerit
1579 2626 1763 2667 eumque

100 2698 105 2705 ·
190 2701 303 2732 anno
335 2689 392 2732 34
425 2688 698 2733 aedilitatem
727 2688 918 2744 gessisse
948 2686 1187 2732 verisimile
1218 2690 1299 2730 est

335 2831 372 2875 1)
396 2829 466 2866 Dio
490 2830 577 2866 LIX
600 2829 658 2876 22,
685 2830 719 2866 5.
