1936 3216
834 192 1093 235 -3-

178 323 306 368 nimis
357 323 579 379 sagaciter
629 335 719 366 rem
770 323 1017 367 instituisse
1067 323 1254 376 videtur,
1306 322 1381 366 ubi
1430 322 1571 366 tutius
1611 322 1747 366 fuisse

178 398 380 450 putamus
419 394 713 450 ignorantiam
753 394 942 449 ingenue
972 394 1187 448 profiteri.
1249 395 1408 448 Itaque
1438 395 1650 447 restabat,
1681 395 1747 437 uti

179 466 473 510 conferremus
513 466 722 519 quidquid
763 467 817 509 de
861 465 1076 509 aedilibus
1106 466 1279 520 imperii
1311 466 1495 509 Romani
1527 466 1746 520 explorari

178 537 334 592 potuit.

320 609 543 652 Extremis
570 609 635 652 rei
662 609 864 664 publicae
885 609 1053 652 liberae
1074 609 1343 663 temporibus
1366 608 1599 662 quotannis
1621 612 1746 662 quat·

178 683 279 723 tuor
322 680 486 723 aediles
529 681 804 734 creabantur,
852 692 1033 734 quorum
1065 681 1148 723 duo
1181 680 1346 723 aediles
1377 680 1520 734 plebei
1552 693 1576 722 e
1607 680 1746 734 plebe,

177 752 261 794 duo
284 751 456 795 curules
477 751 718 806 promiscue
750 752 845 796 sive
877 764 900 794 e
931 752 1133 806 patribus
1154 752 1249 794 sive
1271 764 1294 794 e
1316 751 1444 806 plebe
1465 752 1748 795 sumebantur

176 822 380 877 neglecta
418 826 519 877 post
559 835 717 866 annum
757 835 794 866 a.
826 822 924 866 Chr.
956 835 995 866 n.
1027 822 1123 866 fere
1162 822 1488 876 nonagesimum
1528 822 1607 865 illa
1637 822 1746 876 lege,

177 905 273 948 qua,
312 897 364 937 ut
395 894 597 948 exposuit
628 894 876 947 Mommsen,
886 892 921 948 ¹)
959 893 1086 937 annis
1122 894 1243 948 paris
1273 894 1441 937 numeri
1472 893 1628 948 plebei,
1669 893 1745 936 im-

175 965 296 1020 paris
340 965 519 1020 patricii
565 965 687 1009 illum
733 965 1041 1019 magistratum
1087 965 1430 1019 capessiverant.
1507 966 1655 1018 Atque
1702 964 1745 1007 C.

175 1035 314 1080 Iulius
345 1036 518 1091 Caesar,
555 1040 606 1081 ut
636 1049 860 1080 numerum
891 1040 1143 1091 praetorum
1175 1041 1221 1079 et
1253 1040 1533 1090 quaestorum
1565 1036 1745 1090 amplia-

175 1107 253 1162 vit,
299 1108 366 1152 ita
411 1109 543 1152 etiam
591 1108 776 1163 collegio
821 1108 1027 1154 aedilium
1067 1109 1175 1151 duos
1211 1108 1501 1162 magistratus
1532 1108 1745 1161 adiunxit,

175 1191 282 1233 quos
328 1179 493 1223 aediles
538 1180 680 1235 plebis
726 1179 921 1224 Ceriales
967 1179 1213 1223 nominatos
1260 1179 1444 1234 primum
1495 1180 1540 1223 iu
1587 1192 1745 1223 annum

176 1251 261 1294 710
278 1270 334 1287 =
352 1252 409 1294 44
456 1255 630 1295 creatos
676 1263 772 1295 esse
817 1251 1029 1295 traditum
1075 1248 1356 1306 invenitur.¹)
1417 1251 1503 1307 Qui
1543 1263 1747 1294 numerus

174 1322 229 1366 ab
269 1322 606 1377 imperatoribus
645 1335 787 1377 neque
827 1327 983 1367 auctus
1022 1335 1164 1376 neque
1207 1322 1399 1366 minutus
1431 1334 1527 1366 esse
1557 1322 1745 1376 videtur,

173 1393 239 1437 ita
278 1406 395 1448 vero,
442 1398 492 1438 ut
523 1395 750 1449 Augustus
790 1395 1062 1438 tribunatum
1105 1394 1248 1449 plebis
1279 1398 1325 1438 et
1356 1393 1630 1437 aedilitatem
1660 1406 1745 1437 uno

172 1465 312 1520 gradu
357 1465 567 1509 honorum
613 1465 862 1520 complexus
914 1465 1082 1520 plebeis
1133 1465 1238 1509 solis
1289 1466 1484 1519 gerenda
1530 1466 1744 1509 redderet.

174 1536 296 1592 Quae
335 1536 419 1591 lex,
467 1550 597 1591 quam
636 1550 722 1581 uon
761 1537 898 1581 multo
938 1540 1039 1592 post
1081 1548 1271 1591 pugnam
1303 1536 1532 1580 Actiacam
1563 1541 1609 1579 et
1641 1541 1744 1580 ante

173 1620 331 1652 anuum
364 1609 448 1652 736
468 1628 522 1645 =
543 1606 642 1664 18⁸)
684 1609 969 1653 constitutam
1009 1620 1106 1652 esse
1146 1611 1332 1661 constat,
1380 1620 1638 1662 quamquam
1671 1621 1743 1651 ex-

103 1690 105 1695 ’
172 1691 322 1735 presso
369 1680 619 1724 testimonio
666 1692 752 1724 nou
798 1679 1090 1733 confirmatur,
1138 1683 1285 1723 tamen
1326 1680 1489 1734 optimo
1521 1680 1616 1723 iure
1647 1692 1744 1735 per-

173 1754 327 1806 specta
358 1755 426 1795 est
457 1764 482 1795 e
512 1751 620 1795 locis
650 1749 851 1807 Dionis⁴)
883 1755 929 1795 et
961 1751 1104 1795 Vellei
1117 1749 1152 1807 ⁸)
1184 1756 1318 1805 atque
1350 1764 1375 1794 e
1396 1751 1552 1804 titulis,
1584 1751 1745 1806 quippe

173 1823 248 1877 qui
292 1823 444 1879 paucis
487 1821 728 1879 exceptis&
773 1824 818 1867 in
850 1836 979 1868 cursu
1010 1823 1220 1867 honorum
1252 1828 1330 1867 aut
1361 1823 1635 1867 aedilitatem
1667 1828 1744 1867 aut

316 1966 352 2012 1)
377 1965 589 2002 Boemisehe
613 1965 873 2011 Forsohungen
898 1965 943 2001 1¹.
973 1965 1098 2002 Berlin
1126 1965 1227 2009 1864,
1254 1976 1289 2011 p.
1308 1966 1353 2000 97
1380 1976 1477 2010 seqq.

314 2025 353 2070 2)
378 2025 447 2062 Dio
472 2025 596 2061 XLIII
621 2025 677 2070 51,
705 2025 726 2060 3
752 2024 835 2061 vide
859 2036 894 2070 p.
912 2025 969 2060 23.
1014 2024 1114 2062 Suet.
1131 2025 1233 2061 Caes.
1251 2025 1308 2070 41,
1339 2026 1375 2061 l:
1402 2025 1574 2061 Senatum
1601 2026 1743 2071 supple-

173 2084 237 2130 vit,
275 2084 447 2131 patricios
472 2084 622 2130 adlegit,
660 2088 878 2130 praetorum,
918 2084 1101 2130 aedilium,
1139 2088 1383 2130 quaestorum,
1423 2084 1601 2120 minorum
1632 2085 1742 2121 etiam

173 2143 455 2190 magistratuum
471 2154 661 2180 numerum
678 2143 880 2190 ampliavit.
918 2144 1010 2180 Geli.
1028 2144 1117 2180 XVI
1134 2145 1166 2189 7,
1187 2144 1231 2180 12
1257 2145 1391 2189 (facete
1408 2144 1547 2180 dictum
1565 2144 1741 2183 Laberiil:

172 2203 273 2240 Duas
296 2203 450 2240 uxores?
474 2204 593 2240 hercle
617 2204 684 2239 hoc
707 2204 790 2249 plus
815 2203 942 2250 negoti
967 2207 1033 2248 est,
1059 2203 1182 2248 inquit
1207 2204 1321 2248 coeio3
1347 2214 1410 2240 sex
1435 2204 1570 2239 aediles
1589 2204 1742 2240 viderat.

172 2263 342 2309 Pompon.
367 2263 453 2309 Dig.
479 2263 498 2300 1
522 2263 555 2309 2,
582 2263 615 2309 2,
642 2263 703 2300 32:
742 2263 883 2299 Deinde
908 2263 1023 2300 Gaius
1047 2263 1171 2300 Julius
1197 2264 1331 2300 Caesar
1368 2264 1458 2300 duos
1495 2269 1681 2308 praetores
1705 2270 1741 2299 et

173 2322 262 2359 duos
285 2323 429 2369 aediles,
456 2323 519 2368 qui
543 2323 726 2360 frumento
751 2327 961 2368 praeessent
985 2327 1023 2359 et
1048 2334 1071 2359 a
1095 2324 1224 2359 Cerere
1249 2324 1415 2359 Cereales
1440 2323 1644 2359 constituit.
1684 2324 1742 2359 Ita

173 2381 359 2419 duodecim
383 2386 577 2429 praetores,
604 2393 668 2419 sex
692 2383 828 2419 aediles
852 2387 940 2419 sunt
966 2382 1091 2419 creati.

315 2442 353 2487 8)
376 2442 573 2479 Mommsen
598 2442 713 2479 St.-R.
730 2442 750 2478 1
775 2443 856 2478 556.

313 2502 352 2547 4)
376 2501 446 2537 Dio
470 2502 541 2538 Lu
564 2502 621 2548 20,
648 2502 687 2538 2:
726 2503 929 2547 (Maecenas
966 2502 1171 2548 proposuit)
1210 2531 1218 2539 .
1246 2531 1254 2538 .
1282 2531 1289 2538 .
1318 2502 1577 2552 ταμιεύσαηές
1608 2516 1647 2540 τε
1680 2505 1742 2540 καί

173 2557 522 2611 ἇγορανομήσαντες
557 2558 577 2609 ἧ
613 2558 916 2610 δημαρχήσαντες
953 2565 1290 2611 στρατηγείιωσαν,
1329 2564 1605 2612 τριακοντοῧται
1636 2562 1742 2610 γενό-

170 2633 291 2670 μενοι.

315 2680 353 2725 5)
378 2680 472 2716 Veli.
488 2680 527 2716 11
553 2680 631 2726 111,
658 2680 697 2717 8:
722 2680 849 2718 Finita
873 2681 1035 2726 equestri
1058 2681 1194 2718 militia
1218 2681 1436 2727 designatus
1461 2686 1632 2727 quaestor
1660 2692 1741 2717 uec-

173 2738 259 2775 dum
283 2742 429 2775 senator
453 2743 630 2784 aequatus
654 2739 892 2786 senatoribus,
919 2739 1031 2776 etiam
1048 2740 1253 2786 designatis
1269 2741 1428 2778 tribunis
1446 2741 1573 2786 plebei,
1600 2745 1741 2785 partem

173 2797 353 2835 exercitus
378 2798 422 2834 ab
447 2798 537 2835 urbe
559 2798 690 2836 traditi
714 2799 759 2835 ab
784 2799 957 2846 Augusto
981 2800 1135 2846 perduxi
1160 2801 1206 2836 ad
1230 2800 1346 2836 filium
1372 2800 1461 2836 eius.

315 2857 353 2903 6)
377 2857 471 2894 Vide
494 2868 548 2894 nr.
564 2858 600 2894 4.
625 2861 659 2895 5.
684 2858 742 2895 58.
767 2859 824 2896 59.
873 2859 1091 2896 consuatur
1113 2871 1149 2906 p.
1169 2861 1210 2895 11
1239 2860 1286 2906 (a.
1311 2871 1347 2905 p.
1373 2860 1455 2895 Chr.
1482 2871 1517 2895 ιι.
1537 2860 1585 2906 5).
