2046 3242
135 1081 204 1124 40.

135 2093 203 2135 41.

840 229 1134 277 -29-

348 365 516 421 Quibus
562 366 616 408 de
664 365 807 409 causis
850 363 1122 408 aedilitatem
1153 363 1365 408 Varronis
1408 363 1616 407 extremis
1647 363 1773 406 annis

206 437 335 491 primi
365 436 529 480 saeculi
560 436 852 491 attribuimus,
884 448 997 490 quae
1020 435 1243 479 sententia
1263 447 1314 478 eo
1335 435 1627 488 confirmatur,
1659 436 1773 488 quod

205 508 375 551 Tullius
406 508 560 563 Varro,
601 507 676 562 qui
715 508 834 551 circa
864 520 901 551 a.
935 508 990 550 70
1022 507 1251 551 aedilitate
1281 506 1455 561 plebeia
1484 506 1662 550 functus
1693 510 1774 560 est,

205 583 334 634 pater
363 580 492 623 huius
522 579 659 623 fuisse
688 583 882 633 putatur.

348 651 495 694 Aliter
524 652 579 694 de
609 650 691 694 hoc
711 650 910 694 Varrone
939 650 1154 694 iudicavit
1173 650 1333 703 Tissot,
1343 647 1377 705 ¹)
1407 650 1482 703 qui
1502 649 1774 693 consulatum

206 722 418 766 Varronis
464 734 577 766 anno
623 721 718 765 iere
766 722 868 775 128,
915 721 1180 775 legationem
1225 721 1406 765 Africae
1451 722 1569 765 circa
1614 734 1651 764 a„
1690 722 1773 764 140

204 794 447 848 ponendam
477 805 573 837 esse
604 793 904 836 demonstrare
934 796 1117 835 conatus
1147 798 1227 836 est.
1274 794 1422 846 Atque
1442 793 1633 836 Tullium
1654 793 1773 846 lega-

204 869 298 909 tum
337 877 416 919 pro
452 868 657 919 praetore
687 863 882 907 Moesiae
911 862 1050 907 fuisse
1080 864 1161 907 snb
1192 863 1384 906 Traiano
1415 864 1586 907 censuit
1617 864 1773 907 Liebe-

205 933 360 992 nam‚¹)
391 939 639 990 praetorem
669 934 897 979 Hadriano
927 934 1192 988 imperatore
1223 932 1459 988 Levison⁸)
1491 935 1679 988 putavit.

821 1109 834 1121 .
867 1108 880 1121 .
912 1108 925 1121 .
958 1076 1154 1122 Celsus.

1810 1077 1907 1113 inter
1932 1088 1963 1111 a.

1793 1126 1990 1161 105-117.

348 1162 523 1207 Titulus
552 1162 904 1206 Pedemontanus
924 1160 1023 1206 CIL
1043 1161 1082 1205 V
1106 1162 1222 1204 7153
1253 1161 1332 1204 hos
1363 1161 1549 1204 honores
1579 1161 1776 1216 publicos
1833 1215 1838 1220 ,

206 1234 402 1279 exhibet:
435 1234 590 1278 aedilis
620 1233 762 1288 plebis
786 1232 983 1287 Cerialis,
1014 1237 1233 1287 quaestor,
1264 1233 1463 1276 adlectus
1494 1233 1539 1276 in
1561 1233 1775 1288 amplissi-

205 1318 319 1350 mum
359 1309 539 1349 senatus
579 1305 773 1348 ordinem
805 1305 861 1348 ab
892 1304 1156 1359 imperatore
1187 1303 1375 1347 Caesare
1406 1304 1554 1348 Nerva
1585 1304 1775 1347 Traiano

205 1378 406 1432 Augusto
437 1376 697 1421 Germanico
726 1376 904 1430 Dacico,
933 1375 1185 1430 praefectus
1216 1375 1409 1419 cohortis
1437 1375 1716 1419 Breucorum.

347 1448 454 1493 Cum
500 1460 613 1492 anno
663 1449 746 1491 102
793 1447 984 1491 Traiano
1027 1459 1263 1501 cognomen
1308 1446 1462 1490 Dacici
1509 1448 1659 1491 datum
1705 1445 1776 1498 sit,

205 1521 323 1565 inter
353 1532 490 1564 annos
523 1521 607 1563 102
640 1523 686 1564 et
720 1520 802 1562 117
834 1518 1013 1563 titulum
1043 1518 1232 1573 positum
1264 1530 1361 1561 eaee
1392 1523 1589 1573 apparet.

347 1591 564 1646 Borghesi
573 1591 612 1646 ⁴)
652 1590 768 1635 hunc
798 1589 970 1634 Celsum
1010 1590 1193 1633 eundem
1230 1601 1326 1632 esse
1358 1589 1529 1632 censuit
1560 1594 1693 1643 atque
1727 1591 1775 1633 L.

205 1664 442 1710 Publilium
463 1663 635 1707 Celsum
665 1661 885 1710 consulem
914 1661 1074 1705 iterum
1099 1660 1366 1704 ordinarium
1397 1674 1435 1703 a.
1460 1662 1556 1714 113,
1587 1662 1775 1704 occisum

206 1740 310 1781 ante
350 1747 510 1780 annum
552 1735 649 1778 118.
709 1733 796 1777 Sed
839 1733 943 1787 quia
973 1745 1210 1787 cognomen
1241 1732 1356 1775 Celsi
1387 1732 1476 1776 illis
1507 1733 1775 1787 temporibus
1843 1764 1846 1766 ψ

205 1820 418 1863 persaepe
447 1803 715 1862 invenitur⁸)
746 1817 887 1859 neque
918 1804 1010 1848 ulla
1039 1804 1128 1848 alia
1149 1816 1282 1847 causa
1301 1804 1517 1858 Borghesi
1539 1811 1776 1848 commotus

206 1891 302 1924 esse
332 1878 521 1933 videtur,
550 1877 617 1921 illi
645 1876 836 1921 Publilio
866 1877 948 1920 hoc
980 1881 1301 1920 monumentum
1332 1875 1580 1919 mutilatum
1612 1876 1775 1919 adscri-

205 1952 310 1996 bere
340 1963 427 1995 non
458 1950 554 1994 ausi
584 1961 742 1993 snmus

450 2092 514 2137 Μ.
546 2091 741 2136 Acilius
772 2091 978 2135 Priscus
1010 2090 1228 2148 Egriliu·
1258 2090 1540 2135 Plarianus.

1807 2091 1957 2146 Tempo-

347 2177 514 2221 Nomen
558 2176 780 2231 reperitur
823 2176 870 2219 in
911 2175 1043 2220 titulo
1074 2175 1268 2219 Ostiensi
1314 2175 1411 2219 CIL
1442 2175 1551 2219 XIV
1585 2177 1653 2229 72,
1699 2177 1773 2220 ubi
1788 2139 1976 2222 narde-1⁹:115.

206 2251 517 2292 enumerantur
551 2248 738 2291 honores
768 2247 1076 2301 praefecturae
1107 2247 1269 2290 aerarii
1299 2247 1516 2299 militaris,
1558 2247 1776 2301 pontificis

205 2319 390 2363 Volcani
421 2323 467 2363 et
498 2319 670 2363 aedium
700 2331 935 2363 sacrarum.

347 2391 418 2435 Ad
448 2391 640 2434 eiusdem
671 2403 851 2434 uxorem
881 2389 954 2434 vel
985 2394 1216 2444 cognatam
1247 2378 1463 2444 quandam
1494 2391 1688 2444 pertinet
1710 2391 1774 2433 in-

204 2462 386 2518 scriptio
417 2466 463 2506 et
493 2462 591 2517 ipsa
620 2461 837 2506 Ostiensis
867 2461 963 2505 CIL
984 2461 1094 2505 XIV
1118 2463 1222 2504 156:
1252 2461 1310 2505 M.
1332 2461 1448 2504 Acili
1468 2462 1609 2505 Prisci
1631 2462 1774 2516 Egrili

203 2533 403 2580 Plariani
432 2534 482 2577 L.
504 2533 683 2577 Vettius
713 2533 841 2577 Felix
873 2532 952 2590 e[t]
983 2534 1032 2576 P.
1052 2533 1281 2576 Novellius
1311 2531 1523 2590 Atticu[s]
1555 2534 1694 2576 amici.

351 2665 387 2709 1)
410 2664 540 2700 Fontes
564 2663 609 2699 de
632 2663 669 2699 la
693 2662 863 2709 province
887 2663 1063 2699 Romaine
1088 2662 1288 2707 d‘Airique.
1339 2662 1444 2698 Paris
1470 2662 1562 2699 1885
1586 2674 1622 2709 p.
1639 2663 1697 2699 93.

347 2723 387 2769 Β)
410 2723 556 2760 Forsch.
580 2733 615 2769 p.
633 2722 716 2758 293.

347 2782 387 2828 8)
411 2793 465 2819 nr.
485 2782 588 2819 1041.

347 2842 387 2887 4)
411 2851 467 2888 op.
492 2841 527 2878 V
551 2842 608 2878 34.

349 2901 387 2948 5)
412 2901 629 2939 Consentiu-
651 2901 737 2939 Pm
759 2901 780 2938 1
803 2913 838 2949 p.
855 2902 926 2939 385
950 2913 1005 2939 nr.
1023 2902 1104 2939 539.
1154 2901 1264 2939 Klein
1288 2902 1313 2938 f.
1340 2913 1369 2938 c.
1394 2913 1430 2948 p.
1450 2902 1529 2938 126.
