2046 3242
227 383 296 425 81.

936 250 1232 290 ...50-

793 377 860 422 M.
893 376 1131 422 Claudiu-
1163 376 1372 422 Fronto.

441 462 701 506 Nominatur
746 461 791 505 in
837 461 968 506 titulo
1014 461 1181 505 urbano
1227 460 1324 505 CIL
1365 460 1428 504 VI
1476 461 1588 503 1377
1623 478 1678 497 =
1711 461 1872 515 31640,

299 546 424 588 quem
456 534 700 588 ponendum
732 532 906 577 curavit
936 532 1201 587 imperatore
1232 532 1290 575 M.
1316 531 1497 576 Aurelio
1527 531 1751 575 Antonino
1781 531 1873 575 An·

299 608 427 659 gusto
461 608 639 648 auctore
671 607 861 658 senatus,
900 604 1015 657 quod
1045 607 1145 658 post
1177 603 1346 657 aliquot
1376 603 1568 646 secunda
1598 602 1767 657 proelia
1796 602 1873 646 ad-

300 688 453 719 versus
484 674 725 719 Germanos
762 678 807 718 et
838 675 1025 730 Iazyges
1072 675 1127 718 ad
1173 678 1438 729 postremum
1485 686 1564 728 pro
1611 686 1659 717 re
1699 673 1879 728 publiea

299 746 478 791 fortiter
508 758 708 801 pugnans
740 745 960 789 ceciderit.

442 817 627 861 Accedit
659 817 886 871 inscriptio
918 817 1152 861 honoraria
1173 816 1554 871 Sarmizegetusae
1575 820 1753 870 reperta
1777 815 1876 861 CIL

299 890 369 933 III
404 890 516 932 1457
551 889 691 932 minus
724 888 910 943 copiosa.

442 960 500 1004 M.
532 959 739 1003 Claudius
771 959 936 1004 Fronto
982 959 1070 1003 fuit
1115 959 1336 1003 decemvir
1381 958 1579 1003 stlitibus
1616 958 1875 1014 iudicandis,

301 1035 508 1085 quaestor
547 1031 750 1085 urbanus,
798 1031 853 1075 ab
895 1030 1007 1075 actis
1037 1035 1229 1085 senatus,
1275 1030 1432 1074 aedilis
1463 1030 1638 1084 curulis,
1684 1034 1877 1085 praetor,

300 1102 474 1157 legatus
506 1102 598 1146 divi
619 1102 830 1146 Antonini
858 1102 1050 1157 Augusti
1081 1101 1271 1157 (scilicet
1302 1106 1406 1146 ante
1438 1113 1596 1145 annum
1632 1101 1735 1157 161)
1766 1100 1877 1156 legi·

301 1173 396 1216 onis
427 1173 494 1216 XI
526 1172 746 1228 Claudiae,
776 1173 951 1228 legatus
973 1174 1271 1228 Augustorum
1303 1173 1380 1228 (M.
1402 1172 1573 1216 Aurelii
1605 1177 1651 1216 et
1682 1173 1732 1216 L.
1750 1171 1877 1229 Veri)

300 1244 486 1299 legionis
517 1244 539 1287 I
570 1244 816 1288 Minerviae
856 1244 901 1287 in
945 1244 1268 1298 expeditionem
1297 1243 1553 1288 Parthicam
1585 1244 1877 1298 deducendae,

300 1315 475 1370 legatus
496 1316 793 1370 Augustorum
824 1328 903 1370 pro
934 1319 1139 1370 praetore
1171 1315 1392 1359 exercitus
1423 1315 1656 1370 legionarii
1685 1319 1731 1358 et
1752 1314 1877 1358 auxi÷

300 1386 456 1429 liorum
502 1398 582 1440 per
611 1385 837 1430 Orientem
883 1386 928 1429 in
959 1387 1210 1430 Armeniam
1250 1390 1297 1430 et
1327 1385 1597 1430 Osrhoenam
1630 1390 1676 1429 et
1706 1385 1878 1429 Anthe-

301 1457 484 1500 musiam
515 1458 742 1500 ductorum
773 1456 1060 1514 (162—165)‚
1092 1461 1270 1501 curator
1300 1469 1478 1512 operum
1498 1457 1778 1511 locorumque
1798 1468 1878 1511 pu-

300 1528 523 1583 blicorum,
554 1528 711 1572 missus
743 1529 799 1572 ad
819 1529 1094 1573 iuventutem
1114 1541 1194 1583 per
1214 1529 1392 1573 Italiam
1416 1528 1658 1583 legendam,
1689 1529 1880 1573 donatus

302 1599 426 1642 donis
456 1599 721 1644 militaribus
760 1599 876 1643 bello
907 1600 1168 1643 Armeniaco
1201 1604 1247 1644 et
1277 1600 1487 1644 Parthico
1519 1601 1575 1644 ab
1606 1597 1879 1656 Augustisst)

303 1683 445 1714 comes
477 1670 569 1715 divi
590 1670 697 1714 Veri
718 1671 910 1726 Augusti
931 1671 1065 1726 (bello
1087 1675 1241 1716 contra
1261 1671 1594 1715 Marcomannos
1614 1675 1741 1727 gesto
1763 1683 1878 1715 anno

305 1742 421 1798 166),
467 1741 642 1797 legatus
673 1743 972 1798 Augustorum
1017 1755 1095 1797 pro
1141 1747 1347 1797 praetore
1392 1742 1647 1797 provinciae
1683 1741 1880 1786 Moesiae

303 1813 552 1868 superioris,
593 1818 686 1857 tum
729 1813 857 1857 simul
886 1814 1054 1858 Daciae
1088 1814 1332 1870 Apulensis‚
1371 1814 1548 1870 legatus
1577 1813 1771 1869 Augusti
1800 1812 1880 1870 (M.

303 1885 485 1939 Aurelii,
532 1884 703 1929 scilicet
741 1889 843 1940 post
879 1898 1038 1929 annum
1072 1886 1176 1942 169)
1207 1898 1287 1940 pro
1317 1890 1524 1941 praetore
1553 1885 1882 1940 provinciarum

303 1956 375 1999 III
405 1956 643 1999 Daciarum
674 1956 831 2001 deinde
862 1956 991 2000 simul
1021 1956 1253 2013 (Moesiae)
1284 1957 1534 2012 superioris,
1566 1956 1728 2001 consul.

447 2027 562 2071 Eum
592 2041 630 2071 a.
665 2029 749 2072 170
782 2028 926 2073 obisse
957 2029 1128 2074 censuit
1148 2029 1300 2085 Groag
1329 2029 1356 2073 l.
1379 2042 1414 2073 c.
1436 2032 1591 2073 contra
1615 2028 1882 2073 Guilelmum

306 2097 600 2155 Liebenam‚')
648 2100 722 2152 qui
767 2104 951 2144 mortem
981 2100 1218 2144 Frontonis
1263 2101 1382 2145 inter
1426 2113 1564 2145 annos
1597 2101 1680 2144 171
1714 2104 1762 2144 et
1794 2101 1882 2144 172

305 2170 549 2224 ponendam
580 2182 676 2213 esse
709 2170 993 2215 existimavit.

451 2240 546 2296 Quo
578 2253 690 2284 anno
713 2241 985 2286 consulatum
1005 2243 1195 2298 gesserit
1214 2243 1442 2299 nescimus,
1474 2255 1746 2297 quamquam,
1778 2242 1886 2297 quia

306 2312 425 2355 inter
455 2324 591 2355 annos
620 2313 703 2355 161
728 2316 774 2356 et
797 2314 882 2356 170
904 2313 1004 2356 aliis
1024 2314 1071 2356 in
1090 2314 1424 2369 magistratibus
1445 2314 1721 2369 versabatur,
1752 2313 1883 2358 Clau·

308 2383 427 2426 dium
456 2382 722 2437 imperatore
751 2384 974 2428 Antonino
1003 2385 1085 2428 Pio
1124 2384 1269 2428 fasces
1304 2386 1501 2429 tenuisse
1530 2385 1772 2429 verisimile
1802 2388 1884 2430 est.

453 2452 737 2511 Cantarelli³)
757 2455 881 2499 illum
901 2468 939 2499 a.
958 2457 1042 2499 167
1066 2460 1312 2500 curatorem
1331 2456 1470 2500 fuisse
1490 2457 1782 2500 ratiocinatus
1802 2460 1886 2501 est.

451 2526 709 2571 Intervallis
743 2526 955 2582 legitimis
986 2528 1249 2582 computatis
1281 2528 1556 2574 aedilitatem
1586 2528 1706 2571 circa
1735 2541 1774 2572 a.
1798 2529 1885 2572 153

308 2608 541 2650 posuimus.
673 2620 682 2626 ·

455 2726 492 2771 1)
517 2726 623 2762 Anno
650 2727 730 2762 166.
778 2726 930 2775 Schiller
952 2727 973 2763 Ι
997 2727 1030 2773 2,
1057 2727 1138 2763 642.
1188 2728 1312 2775 Groag
1335 2729 1417 2765 Pw
1441 2728 1500 2765 III
1524 2728 1632 2764 2722.

453 2785 493 2831 2)
516 2785 663 2822 Forsch.
688 2797 723 2832 p.
743 2786 823 2822 142.

454 2844 492 2890 3)
517 2845 572 2880 La
606 2844 700 2882 serie
736 2845 796 2882 dei
831 2849 1016 2884 curatores
1048 2857 1197 2892 operum
1227 2847 1464 2893 publicorum.
1514 2848 1611 2884 Bull.
1636 2848 1733 2884 della
1756 2856 1884 2883 comm.

311 2903 407 2939 arch.
433 2914 522 2940 com.
549 2904 587 2940 di
610 2905 727 2942 Roma
749 2905 859 2942 XXII
885 2906 978 2942 1894
1001 2917 1037 2952 p.
1055 2906 1138 2943 216.

1901 376 2001 460 ⁶⁶⁸?
