2046 3242
799 259 1097 310 -33..

39 395 45 421 ²
165 408 203 441 a.
225 397 308 440 211
350 396 700 452 procurationem
740 396 980 441 obtinuisse
1011 397 1198 441 videtur.
1257 395 1418 451 Itaque
1448 395 1563 451 quod
1592 407 1734 451 pauca

164 469 289 512 modo
335 480 516 512 munera
560 468 811 512 intermissa
855 468 1140 512 inveniuntur
1185 469 1302 512 inter
1346 469 1460 512 hanc
1499 480 1647 512 curam
1687 472 1734 511 et

165 539 452 584 adlectionem
482 539 528 583 in
559 539 842 594 quaestorios,
885 540 1093 583 extremis
1124 539 1250 584 annis
1281 539 1499 584 Commodi
1530 552 1628 583 enm
1658 541 1733 583 ad·

163 610 325 655 lectum
356 623 451 654 esse
481 611 570 655 rati
600 610 874 655 aedilitatem
905 611 1023 655 circa
1053 623 1091 654 a.
1116 612 1200 654 195
1231 611 1463 666 posuimus.

93 766 162 810 47.
552 763 802 808 Antonius
834 764 1027 809 Fronto
1060 765 1340 809 Salvianus.
1768 763 1918 848 Stleeoeffio

305 848 392 892 Tit.
422 849 615 893 urbanus
646 847 744 892 CIL
776 848 840 892 VI
874 849 1006 893 1345:
1051 849 1245 893 Antonio
1282 848 1495 892 Frontoni
1526 849 1734 893 Salviano
1758 862 1925 895 exeunte.

164 919 467 976 cuarissimae)
498 919 768 976 m(emoriae)
799 919 933 976 v(iro)
965 920 1189 974 quaestori
1219 921 1386 964 urbano
1412 920 1544 964 aedili
1565 920 1736 964 Cereali

164 991 393 1047 designato
435 991 653 1035 Antonius
684 990 812 1036 Felix
843 991 1031 1047 Magnus
1076 991 1382 1048 diutissimus)
1427 992 1573 1048 p(uer)
1620 992 1736 1036 illius

162 1063 432 1118 parentibus.

306 1135 497 1179 Vocibus
543 1134 630 1180 viri
676 1134 944 1179 clarissimae
989 1135 1223 1181 memoriae
1255 1139 1301 1179 et
1332 1134 1564 1179 clarissimi
1610 1135 1736 1191 pueri

163 1205 291 1250 finem
322 1205 506 1251 alterius
536 1219 576 1261 p.
609 1205 706 1250 Chr.
738 1219 778 1250 n.
809 1206 975 1251 saeculi
1005 1206 1246 1262 significari
1277 1219 1513 1251 censemus.

12 1421 13 1430 ἵ
58 1334 60 1338 ¹
93 1363 162 1407 48.
510 1359 568 1415 Q.
601 1360 883 1405 Herennius
915 1360 1100 1406 Silvius
1132 1361 1391 1406 Maximus.
1777 1360 1912 1443 ,haess'e

306 1444 440 1489 'Peste
470 1445 602 1489 titulo
633 1445 836 1489 Telesino
877 1445 974 1490 CIL
1005 1445 1074 1490 IX
1106 1447 1222 1490 2213
1269 1445 1356 1490 fuit
1401 1446 1521 1491 sevir
1565 1450 1737 1490 turmae
1750 1455 1951 1491 200-220.

164 1515 359 1570 equitum
389 1516 692 1571 Romanorum,
724 1517 857 1572 curio,
888 1520 1098 1571 quaestor
1126 1519 1332 1572 urbanus,
1364 1517 1519 1561 aedilis
1540 1517 1736 1571 Cerialis,

161 1590 352 1643 praetor,
397 1587 607 1631 iuridicus
643 1601 723 1643 per
753 1588 1002 1632 Calabriam
1032 1588 1273 1632 Lucaniam
1303 1589 1517 1643 Bruttios
1562 1589 1737 1643 legatus

161 1658 347 1714 legionis
392 1659 439 1703 H
484 1659 671 1703 Italicae
716 1663 764 1704 et
809 1658 908 1704 alae
952 1660 1291 1704 Antoninianae.
1360 1660 1622 1704 Nominatur
1666 1660 1738 1704 vir

163 1729 440 1774 clarissimus.

304 1814 410 1858 Cum
454 1814 703 1859 nominetur
746 1814 922 1870 legatus
954 1814 1052 1859 alae
1082 1815 1421 1870 Antoninianae,
1467 1815 1736 1870 temporibus

160 1885 219 1929 M.
249 1885 421 1930 Aurelii
450 1885 663 1930 Antonini
694 1885 950 1930 Caracallae
989 1886 1166 1942 legatus
1196 1886 1295 1931 fuit.
1355 1887 1516 1941 Itaque
1546 1911 1605 1919 —
1634 1899 1735 1942 gra-

68 1983 69 1986 =
160 1956 287 2002 viora
332 1957 446 2002 enim
491 1958 650 2002 desunt
695 1961 967 2013 argumenta,
1014 1958 1172 2012 quibus
1220 1963 1346 2003 aetas
1391 1958 1628 2002 definiatur
1677 1983 1737 1990 —

16 2016 17 2024 ¹
66 2037 68 2039 ·
160 2028 374 2073 Herennii
417 2028 690 2073 aedilitatem
719 2029 872 2084 primis
903 2030 1030 2073 annis
1060 2030 1187 2074 tertii
1217 2030 1383 2074 saeculi
1414 2030 1735 2085 adscripsimus.

33 2148 39 2277 l
68 2185 158 2263 v49.
381 2182 437 2227 C.
468 2182 692 2226 Luxilius
723 2182 941 2227 Sabinus
972 2183 1212 2241 Egnatius
1244 2184 1513 2228 Proculus.
1765 2180 1918 2264 0112035}

302 2267 502 2311 Honores
543 2267 807 2311 exhibentur
845 2267 892 2311 in
921 2267 1054 2312 titulo
1083 2268 1339 2312 Pisaurensi
1370 2268 1467 2313 CIL
1498 2268 1566 2312 XI
1599 2270 1735 2319 6338:

35 2329 39 2358 ³
64 2366 68 2374 μ
159 2338 379 2383 Tribunus
408 2337 661 2382 laticlavius
681 2338 867 2393 legionis
888 2339 953 2383 IV
973 2339 1170 2394 Flaviae,
1202 2343 1411 2394 quaestor
1430 2353 1510 2395 pro
1531 2345 1735 2395 praetore

158 2410 413 2466 provinciae
434 2409 592 2454 Cretae
613 2409 892 2466 Cyrenarum,
923 2410 1079 2455 aedilis
1110 2410 1306 2465 Cerialis,
1336 2415 1528 2466 praetor,
1559 2411 1734 2466 legatus

158 2481 412 2537 provinciae
432 2481 640 2536 Achaiae,
672 2485 850 2526 curator
878 2482 1050 2526 viarum
1081 2486 1127 2526 et
1153 2482 1407 2537 praefectus
1428 2482 1734 2527 alimentorum

160 2552 337 2597 Clodiae
387 2556 433 2596 et
483 2553 822 2607 cohaerentium,
872 2553 1084 2597 iuridicus
1134 2554 1327 2608 regionis
1378 2554 1733 2609 Transpadanae‚

158 2623 333 2680 legatus
371 2623 557 2680 legionis
587 2625 632 2668 X
662 2624 874 2669 Geminae
903 2624 1165 2680 Gordianae‚
1209 2630 1388 2670 curator
1417 2639 1562 2669 rerum
1591 2626 1732 2681 publi-

161 2707 309 2740 carum
338 2695 666 2740 Pisaurensinm
696 2700 743 2740 et
772 2696 1063 2740 Fanestrium.
1125 2697 1207 2740 Vir
1239 2697 1518 2742 clarissimus.

81 2834 82 2837 Ἰ
303 2779 418 2835 Quia
446 2779 610 2834 legioni
629 2779 675 2823 X
695 2792 933 2835 cognomen
954 2779 1205 2825 Gordianae
1236 2781 1511 2835 attribuitur,
1542 2780 1584 2824 ei
1607 2793 1733 2835 prae-

160 2849 248 2895 tuit
277 2849 478 2894 Luxilius
523 2862 611 2894 non
656 2854 760 2895 ante
804 2851 1083 2906 imperatoris
1113 2851 1326 2896 Gordiani
1357 2855 1570 2906 aetatem3
1617 2851 1735 2894 circa

43 2980 46 2987 Ι
88 2951 90 2953 -
161 2921 248 2965 225
280 2921 485 2966 aedilitas
514 2923 716 2977 ponenda
747 2935 843 2967 esse
872 2923 1061 2968 videtur.
