2046 3242
828 227 1123 276 —19-..

332 363 550 418 Apposuit
580 363 818 408 Liebenam
831 361 865 419 ¹)
897 363 1072 407 saeculo
1103 364 1239 408 tertio
1270 362 1662 419 Waddiugtonium
1693 377 1760 408 se·

191 439 327 487 cume,
361 435 435 488 qui
466 434 588 478 illum
618 447 703 478 non
735 438 840 478 ante
871 447 1030 479 annum
1061 437 1144 478 221
1180 435 1398 479 consulem
1420 435 1557 479 fuisse
1578 436 1760 479 censuit.

367 576 422 620 L.
453 577 711 634 Ragonium
742 577 993 622 Urinatiun
1023 577 1231 622 Larcius
1268 577 1580 632 Quintianus.
1762 589 1794 614 a.
1824 578 1891 632 1ῖο
1917 578 1974 614 vel

331 661 530 704 Honores
569 661 698 716 plene
738 665 894 705 extant
931 661 977 706 in
1007 661 1153 706 titulis
1182 662 1398 706 'Parasino
1429 661 1526 706 CIL
1560 662 1597 704 V
1631 663 1759 715 2112,

187 731 366 775 urbanis
388 732 451 776 VI
475 734 601 776 1502.
636 734 768 786 1503;
799 737 1162 777 commemoratur
1192 734 1237 776 in
1267 733 1632 788 Opitergensibus
1663 733 1760 777 CIL

188 802 228 846 V
257 804 370 848 1968
403 803 596 858 (legatus
626 803 812 857 legionis
843 804 971 859 XIV)
1004 810 1050 848 et
1084 807 1197 847 1969
1230 805 1412 858 (sodalis
1443 805 1759 860 Hadrianum),

188 873 249 917 VI
285 875 410 928 1505,
441 874 655 919 incertum
687 878 833 919 utrum
865 876 959 930 ipse
991 888 1047 919 an
1079 875 1195 919 filius
1229 877 1265 918 V
1302 878 1427 919 1971.

328 945 434 990 Fuit
478 946 608 1000 sevir,
655 949 864 1006 quaestor
908 959 988 1001 pro
1034 950 1239 1001 praetore
1281 947 1534 1000 provinciae
1566 947 1760 1005 Africae,

185 1015 341 1060 aedilis
379 1016 532 1071 plebis,
578 1020 769 1072 praetor,
816 1017 1069 1072 praefectus
1109 1017 1318 1063 frumenti
1356 1018 1500 1071 dandi,
1548 1018 1759 1062 iuridieus

184 1099 264 1142 per
292 1087 508 1142 Apuliam,
540 1088 770 1143 proconsul
801 1089 1055 1143 provinciae
1085 1089 1327 1142 Sardiniae,
1365 1089 1541 1144 legatus
1571 1089 1758 1144 legionis

184 1159 294 1203 XIV
323 1158 544 1214 Geminae,
576 1159 701 1203 donis
731 1159 997 1204 militaribus
1028 1161 1216 1204 donatus
1249 1161 1304 1203 ab
1338 1161 1603 1216 imperatore
1635 1160 1757 1203 Uom-

18 1273 19 1280 ,
85 1294 89 1303 A
183 1230 307 1273 modo
339 1230 560 1275 Antonino
590 1231 804 1285 Augusto,
835 1231 999 1276 sodalis
1030 1232 1328 1286 Hadriaualia
1360 1232 1521 1277 consul.

325 1296 497 1346 Titulos
527 1302 624 1346 CIL
650 1303 690 1346 V
722 1304 850 1347 2112.
883 1303 946 1347 VI
981 1304 1105 1347 1502.
1142 1305 1255 1347 1503
1297 1304 1466 1359 positos
1506 1316 1602 1348 esse
1634 1303 1756 1348 Com-

183 1373 306 1416 modo
337 1373 451 1427 viv0‚
497 1373 668 1417 scilicet
699 1378 803 1418 ante
835 1387 993 1419 annum
1028 1376 1124 1428 193,
1171 1388 1225 1419 ex
1258 1375 1617 1430 inscriptionibus
1649 1375 1756 1430 ipsis

182 1448 378 1499 apparet.

323 1516 593 1572 Quamquam
639 1517 774 1561 certis
819 1518 1089 1572 argumentis
1138 1518 1411 1573 comprobari
1458 1519 1623 1572 nequit,
1671 1532 1755 1573 quo

181 1599 293 1631 anno
324 1588 589 1644 Quintianus
619 1588 794 1643 legatus
824 1589 1011 1644 legionis
1042 1589 1152 1633 XVI
1185 1590 1310 1633 donis
1336 1589 1601 1633 militaribus
1622 1590 1753 1632 dona-

85 1670 87 1691 ³
180 1662 252 1703 tus
283 1659 352 1712 sit,
385 1664 531 1703 tamen
562 1659 609 1704 id
639 1672 752 1704 anno
786 1661 871 1704 180
902 1659 1068 1704 factum
1100 1673 1196 1704 esse
1229 1661 1444 1715 suspicari
1475 1659 1637 1716 licet‚¹)
1670 1674 1754 1714 quo

180 1742 292 1774 anno
343 1731 596 1775 Commodus
647 1731 938 1787 triumphavit
989 1733 1043 1775 de
1094 1732 1389 1776 Marcomanis
1436 1737 1482 1776 et
1527 1733 1705 1788 QuadiS,
1718 1731 1753 1788 ⁸)

86 1819 89 1822 ⁴
178 1803 438 1856 praesertim
469 1815 565 1847 cum
594 1802 674 1847 illa
698 1806 849 1847 aetate
869 1803 986 1858 legio
1006 1804 1128 1858 XIV,
1160 1804 1229 1847 cni
1251 1804 1505 1859 praefectus
1527 1805 1753 1858 Ragonius

43 1912 46 1931 2
85 1923 87 1927 ¹
178 1873 428 1928 ornabatur,
460 1874 505 1918 in
534 1874 763 1919 Pannonia
793 1875 1010 1919 collocata
1040 1875 1188 1919 fuerit.
1198 1874 1235 1931 ⁴)

321 1945 369 1989 L.
391 1945 615 2000 Ragonius
646 1946 785 2000 igitur
814 1959 852 1990 a.
878 1947 962 1990 170
994 1947 1065 1990 vel
1096 1947 1316 1991 nonnullis
1348 1947 1475 1991 annis
1505 1954 1610 1991 ante
1632 1948 1750 1990 aedi-

178 2015 233 2059 lis
263 2015 399 2060 fuisse
430 2016 617 2061 videtur.

320 2088 543 2132 Attribuit
592 2087 878 2143 Centarelli⁸)
928 2090 1043 2134 hunc
1093 2090 1402 2145 magistratum
1455 2090 1636 2145 imperio
1691 2091 1747 2134 M.

178 2159 358 2203 Aurelii.

557 2242 771 2287 Barbins
803 2243 1010 2288 Fulvius
1040 2244 1366 2289 Aemilianus.
1749 2243 1963 2327 mggsoefere

318 2325 578 2371 Nominatur
607 2327 653 2370 in
683 2327 816 2371 titulo
843 2328 1073 2382 Aquilensi
1103 2329 1308 2373 mutilato
1340 2329 1437 2373 CIL
1470 2330 1508 2372 V
1541 2331 1641 2383 864,
1671 2330 1961 2375 ubi180—190.

18 2364 37 2402 ³³¹
81 2432 83 2434 ,
177 2401 486 2441 enumerantur
515 2399 700 2442 honores
731 2399 907 2443 inverso
939 2400 1108 2444 ordine:
1146 2399 1344 2458 [Β]Μ“Ῑ)ῘΟ
1377 2400 1570 2457 [ῙἿῙΙῙῩῘΟ
1602 2401 1746 2444 Aemi·

322 2540 358 2584 l)
382 2540 527 2576 Forseh.
552 2551 587 2586 p.
604 2540 687 2577 28⁶1.

318 2599 356 2643 2)
381 2599 490 2635 Klein
515 2600 634 2636 Verv.
659 2599 742 2636 266.

240 2663 243 2666 “
318 2658 357 2702 3)
381 2658 532 2695 Schiller
555 2659 575 2695 1
599 2659 632 2704 2,
659 2659 742 2696 ⁶63.

317 2717 356 2757 4)
380 2717 498 2763 Pauly
533 2718 879 2764 Redoncyelopmie
913 2719 967 2755 IV
991 2719 1074 2756 894.
1133 2721 1347 2765 Marqnardt
1382 2721 1420 2756 11
1445 2721 1527 2757 446.
1583 2720 1744 2756 Pfitzner

25 2795 30 2836 l:
176 2775 474 2823 Kaiserlegionen
498 2788 533 2822 p.
555 2777 634 2814 148.
660 2778 742 2814 259.

319 2835 355 2881 5)
378 2835 433 2871 La
468 2836 561 2872 serie
597 2836 656 2873 dei
679 2837 855 2883 praetecti
878 2837 1056 2875 frumenti
1079 2839 1202 2875 dandi.
1250 2839 1347 2876 Bull.
1373 2840 1469 2875 della
1493 2850 1618 2875 comm.
1644 2839 1742 2874 arch.

26 2868 30 2877 ,.
87 2861 105 2932 ².
176 2894 362 2931 comanae
386 2894 424 2931 di
446 2895 563 2932 Rom
586 2896 714 2933 xxm
737 2896 819 2933 225.
