2046 3242
904 843 1080 899 Vita.

355 1024 660 1068 Fridericus
676 1023 892 1068 Ricardus
908 1025 1184 1069 Hermannus
1201 1026 1636 1080 Heiligeustaedt
1654 1031 1787 1071 natus

210 1109 305 1140 sum
333 1108 371 1140 a.
393 1097 432 1140 <L
454 1095 526 1139 111
545 1095 653 1139 Non.
675 1095 794 1150 Sept.
816 1096 919 1140 anni
944 1097 1056 1140 1887
1079 1097 1125 1140 in
1147 1097 1365 1140 Saxoniae
1395 1098 1650 1152 provinciae
1675 1098 1787 1151 vico,

209 1167 280 1212 cui
310 1179 465 1211 nomen
496 1170 565 1210 est
596 1166 848 1222 Rosslebem
884 1171 1013 1222 patre
1043 1168 1246 1223 Ricardo,
1285 1181 1413 1222 quem
1443 1169 1549 1213 mihi
1581 1173 1784 1223 quartum

208 1239 422 1283 decimum
452 1238 614 1282 aetatis
646 1251 806 1282 annum
834 1239 984 1293 agenti
1004 1243 1286 1294 praematura
1308 1245 1447 1284 morte
1469 1245 1667 1296 ereptum
1688 1253 1786 1284 esse

208 1323 345 1364 usque
376 1311 433 1353 ad
463 1309 578 1353 hunc
609 1309 723 1353 diem
754 1309 891 1364 doleo,
923 1314 970 1354 et
1000 1315 1141 1354 matre
1163 1310 1395 1355 Elisabeth
1423 1324 1448 1354 e
1468 1316 1602 1366 gente
1623 1311 1785 1356 Recke.

209 1381 335 1425 Fidei
373 1381 574 1425 addictus
612 1381 895 1436 evangelicae
925 1382 1077 1437 primis
1108 1382 1367 1426 rudimentis
1398 1383 1444 1427 iu
1475 1383 1577 1427 ludo
1608 1383 1785 1438 publico

206 1452 507 1497 monasteriali
537 1452 710 1507 patriae
741 1452 953 1507 depositis
984 1458 1188 1509 receptus
1219 1466 1313 1497 sum
1345 1454 1391 1498 in
1411 1454 1605 1498 scholam
1627 1454 1783 1498 collec-

206 1529 309 1579 tam,
347 1536 459 1578 quae
505 1525 759 1579 vocabatur,
805 1524 881 1568 ubi
926 1537 1007 1579 per
1051 1526 1159 1568 duos
1201 1538 1336 1568 annos
1377 1526 1571 1569 imbutus
1602 1538 1697 1569 sum
1727 1526 1784 1570 iis

206 1595 389 1650 artibus,
421 1595 578 1649 quibus
609 1599 734 1639 aetas
763 1595 946 1650 puerilis
977 1596 1033 1639 ad
1064 1596 1382 1640 humanitatem
1407 1596 1636 1640 informari
1657 1597 1783 1641 solet.

204 1667 315 1710 Tum
346 1666 435 1710 adii
456 1666 630 1721 patriae
650 1666 935 1722 gymnasium,
967 1668 1089 1710 cuius
1111 1667 1275 1711 classes
1296 1672 1464 1723 septem
1486 1669 1613 1711 annis
1638 1681 1782 1712 emen-

203 1750 278 1782 sus
318 1750 423 1792 sum,
470 1738 739 1792 pietatisque
785 1750 881 1782 esse
926 1742 1034 1793 puto
1066 1739 1147 1782 hoc
1191 1739 1286 1782 loco
1317 1739 1488 1794 gratias
1521 1753 1653 1794 agere
1685 1753 1781 1783 cum

204 1809 413 1864 omnibuS‚
460 1810 535 1863 qui
574 1822 643 1853 me
682 1809 923 1853 docuerunt
953 1822 1148 1865 puerum,
1193 1815 1287 1854 tum
1318 1811 1428 1855 viris
1459 1811 1783 1855 humanissimis

204 1881 390 1924 Iohanni
418 1881 606 1936 Biereye
651 1881 822 1925 tenenti
867 1880 957 1925 illis
1002 1882 1272 1937 temporibus
1309 1883 1527 1937 gymnasii
1560 1883 1704 1926 fasces
1736 1888 1782 1927 et

203 1951 336 1996 Erico
367 1951 693 2007 spangenberg,
734 1952 809 2006 qui
839 1965 908 1996 me
939 1965 1106 1997 summa
1136 1966 1232 1997 cum
1264 1954 1473 1998 comitate
1504 1955 1781 1998 deduxerunt

204 2024 261 2067 ad
291 2023 439 2067 studia
468 2022 719 2067 litterarum
750 2023 1041 2078 antiquarum.

347 2107 475 2150 Anno
509 2107 623 2150 1905
667 2107 838 2151 civibus
884 2108 1144 2151 academicis
1191 2108 1499 2153 universitatis
1530 2109 1781 2153 litterarum

203 2177 533 2222 Fridericianae
564 2178 814 2233 adscriptus
844 2191 1021 2233 operam
1052 2179 1152 2222 dedi
1183 2179 1344 2223 studiis
1365 2180 1552 2235 LatiniS,
1583 2179 1781 2235 Graecis,

202 2248 487 2304 Germanicis,
519 2250 634 2292 unde
655 2250 971 2305 transmigravi
990 2254 1188 2305 tempore
1209 2251 1416 2295 Paschali
1447 2252 1551 2295 anni
1586 2253 1699 2295 1907
1722 2253 1781 2295 ad

202 2320 538 2364 universitatem
558 2320 842 2376 Lipsiensem,
874 2322 988 2365 unde
1019 2326 1227 2366 autumno
1259 2323 1453 2366 eiusdem
1485 2323 1588 2366 anni
1619 2323 1780 2366 iterum

202 2391 342 2435 Halas
371 2404 440 2435 me
472 2392 649 2436 contuli.
710 2392 908 2436 Examen
948 2393 1192 2448 rigorosum
1222 2394 1430 2448 superavi
1462 2407 1500 2437 a.
1532 2395 1571 2437 d.
1603 2395 1648 2437 X
1678 2394 1780 2438 Kal.

202 2463 306 2507 Dec.
339 2463 442 2507 anni
477 2465 603 2507 1909.

343 2546 438 2590 Hos
483 2559 563 2601 per
606 2547 759 2591 novies
798 2560 877 2591 sex
915 2560 1086 2591 menses
1124 2548 1297 2592 scholas
1328 2548 1621 2603 frequentavi,
1668 2561 1779 2602 quas

203 2617 452 2660 habuerunt
483 2631 555 2662 vv.
586 2619 673 2662 da:
715 2619 858 2663 Abert
888 2619 1032 2663 Bethe
1063 2619 1192 2663 Blass
1206 2617 1278 2677 (†)
1309 2620 1492 2662 Bremer
1520 2619 1780 2663 Brueckner

202 2688 455 2743 Brugmann
495 2688 747 2733 Consbruch
786 2689 1105 2745 Dittenberger
1120 2688 1191 2747 (†)
1232 2690 1520 2745 Ebbinghaus
1537 2688 1609 2748 (†)
1650 2690 1778 2734 Friae

202 2758 506 2803 Goldschmidt
550 2760 658 2804 Hirt
702 2760 757 2804 de
785 2760 1031 2804 Hollander
1074 2761 1187 2804 Holz
1228 2761 1325 2804 Πιιιι
1340 2759 1413 2819 (†)
1444 2762 1567 2805 Kern
1598 2762 1777 2816 Lipsius

202 2830 386 2874 Martini
416 2830 527 2874 Muff
555 2831 799 2875 Praechter
822 2831 1010 2875 Pruefer
1029 2831 1160 2875 Riehl
1181 2833 1350 2876 Robert
1377 2832 1614 2876 Rothstein
1634 2833 1778 2876 Saran

202 2901 409 2946 Schultze
442 2901 618 2945 Sievers
650 2901 839 2946 Strauch
870 2902 1050 2956 Uphues
1080 2903 1300 2946 Wissowa
1330 2903 1511 2947 Wundt.
