<?xml version="1.0" encoding="UTF-8"?>
<!DOCTYPE html PUBLIC "-//W3C//DTD XHTML 1.0 Transitional//EN"
    "http://www.w3.org/TR/xhtml1/DTD/xhtml1-transitional.dtd">
<html xmlns="http://www.w3.org/1999/xhtml" xml:lang="en" lang="en">
 <head>
  <title>
</title>
<meta http-equiv="Content-Type" content="text/html;charset=utf-8" />
  <meta name='ocr-system' content='tesseract 3.04.00' />
  <meta name='ocr-capabilities' content='ocr_page ocr_carea ocr_par ocr_line ocrx_word'/>
</head>
<body>
  <div class='ocr_page' id='page_1' title='image "./fastiaediliciiin00heil_0059.png"; bbox 0 0 2046 3242; ppageno 0'>
   <div class='ocr_carea' id='block_1_1' title="bbox 869 243 1166 286">
    <p class='ocr_par' dir='ltr' id='par_1_1' title="bbox 869 243 1166 286">
     <span class='ocr_line' id='line_1_1' title="bbox 869 243 1166 286; baseline -0.003 -11"><span class='ocrx_word' id='word_1_1' title='bbox 869 243 1166 286; x_wconf 81' lang='lat'>...51-</span> 
     </span>
    </p>
   </div>
   <div class='ocr_carea' id='block_1_2' title="bbox 48 369 1967 420">
    <p class='ocr_par' dir='ltr' id='par_1_2' title="bbox 48 369 1967 420">
     <span class='ocr_line' id='line_1_2' title="bbox 48 369 1967 420; baseline -0.005 0"><span class='ocrx_word' id='word_1_2' title='bbox 48 379 53 399; x_wconf 76' lang='lat'><strong>²·</strong></span> <span class='ocrx_word' id='word_1_3' title='bbox 136 377 230 420; x_wconf 53' lang='lat'><strong>⁴82.</strong></span> <span class='ocrx_word' id='word_1_4' title='bbox 291 374 347 419; x_wconf 82' lang='lat' dir='ltr'><strong>L.</strong></span> <span class='ocrx_word' id='word_1_5' title='bbox 371 374 569 419; x_wconf 75' lang='lat' dir='ltr'><strong>Cestius</strong></span> <span class='ocrx_word' id='word_1_6' title='bbox 601 373 776 417; x_wconf 78' lang='lat' dir='ltr'><strong>Gallus</strong></span> <span class='ocrx_word' id='word_1_7' title='bbox 809 373 1064 418; x_wconf 73' lang='lat' dir='ltr'><strong>Ceri-iuius</strong></span> <span class='ocrx_word' id='word_1_8' title='bbox 1094 371 1259 415; x_wconf 66' lang='lat' dir='ltr'><strong>lucius</strong></span> <span class='ocrx_word' id='word_1_9' title='bbox 1290 370 1511 414; x_wconf 67' lang='lat' dir='ltr'><strong>Lutatius</strong></span> <span class='ocrx_word' id='word_1_10' title='bbox 1543 369 1745 414; x_wconf 69' lang='lat' dir='ltr'><strong>Natalia.</strong></span> <span class='ocrx_word' id='word_1_11' title='bbox 1863 373 1967 411; x_wconf 64' lang='lat' dir='ltr'><strong>Ima</strong></span> 
     </span>
    </p>
   </div>
   <div class='ocr_carea' id='block_1_3' title="bbox 1847 423 1984 459">
    <p class='ocr_par' dir='ltr' id='par_1_3' title="bbox 1847 423 1984 459">
     <span class='ocr_line' id='line_1_3' title="bbox 1847 423 1984 459; baseline 0 -1"><span class='ocrx_word' id='word_1_12' title='bbox 1847 423 1984 459; x_wconf 59' lang='lat' dir='ltr'><strong>afore</strong></span> 
     </span>
    </p>
   </div>
   <div class='ocr_carea' id='block_1_4' title="bbox 226 453 2023 870">
    <p class='ocr_par' dir='ltr' id='par_1_4' title="bbox 226 453 2023 870">
     <span class='ocr_line' id='line_1_4' title="bbox 375 453 2023 507; baseline -0.004 -5"><span class='ocrx_word' id='word_1_13' title='bbox 375 458 620 502; x_wconf 90' lang='lat' dir='ltr'><strong>Secundum</strong></span> <span class='ocrx_word' id='word_1_14' title='bbox 651 457 830 502; x_wconf 88' lang='lat' dir='ltr'><strong>titulum</strong></span> <span class='ocrx_word' id='word_1_15' title='bbox 860 456 957 501; x_wconf 85' lang='lat' dir='ltr'><strong>CIL</strong></span> <span class='ocrx_word' id='word_1_16' title='bbox 977 456 1023 501; x_wconf 89' lang='lat' dir='ltr'>X</span> <span class='ocrx_word' id='word_1_17' title='bbox 1043 456 1160 500; x_wconf 82' lang='lat'>3722</span> <span class='ocrx_word' id='word_1_18' title='bbox 1182 454 1388 499; x_wconf 76' lang='lat' dir='ltr'><strong>Volturni</strong></span> <span class='ocrx_word' id='word_1_19' title='bbox 1409 455 1689 498; x_wconf 77' lang='lat' dir='ltr'><strong>eruderatum</strong></span> <span class='ocrx_word' id='word_1_20' title='bbox 1719 453 2023 507; x_wconf 70' lang='lat' dir='ltr'><strong>fuit155—165.</strong></span> 
     </span>
     <span class='ocr_line' id='line_1_5' title="bbox 232 525 1807 584; baseline -0.004 -10"><span class='ocrx_word' id='word_1_21' title='bbox 232 530 516 584; x_wconf 86' lang='lat' dir='ltr'><strong>quattuorvir</strong></span> <span class='ocrx_word' id='word_1_22' title='bbox 546 529 719 574; x_wconf 88' lang='lat' dir='ltr'><strong>viarum</strong></span> <span class='ocrx_word' id='word_1_23' title='bbox 761 529 1062 583; x_wconf 87' lang='lat' dir='ltr'><strong>curandarum,</strong></span> <span class='ocrx_word' id='word_1_24' title='bbox 1103 526 1307 571; x_wconf 89' lang='lat' dir='ltr'><strong>tribunus</strong></span> <span class='ocrx_word' id='word_1_25' title='bbox 1336 525 1590 570; x_wconf 84' lang='lat' dir='ltr'><strong>laticlavius</strong></span> <span class='ocrx_word' id='word_1_26' title='bbox 1620 525 1807 580; x_wconf 81' lang='lat' dir='ltr'><strong>legionis</strong></span> 
     </span>
     <span class='ocr_line' id='line_1_6' title="bbox 229 596 1827 655; baseline -0.004 -10"><span class='ocrx_word' id='word_1_27' title='bbox 229 600 344 647; x_wconf 87' lang='lat' dir='ltr'><strong>VIII</strong></span> <span class='ocrx_word' id='word_1_28' title='bbox 374 602 616 655; x_wconf 79' lang='lat' dir='ltr'><strong>Augustae,</strong></span> <span class='ocrx_word' id='word_1_29' title='bbox 663 603 872 654; x_wconf 86' lang='lat' dir='ltr'><strong>quaestor</strong></span> <span class='ocrx_word' id='word_1_30' title='bbox 915 599 1119 653; x_wconf 89' lang='lat' dir='ltr'><strong>urbanus,</strong></span> <span class='ocrx_word' id='word_1_31' title='bbox 1165 599 1222 642; x_wconf 87' lang='lat' dir='ltr'><strong>ab</strong></span> <span class='ocrx_word' id='word_1_32' title='bbox 1263 597 1375 642; x_wconf 88' lang='lat' dir='ltr'><strong>actis</strong></span> <span class='ocrx_word' id='word_1_33' title='bbox 1411 601 1604 651; x_wconf 90' lang='lat' dir='ltr'><strong>senatus,</strong></span> <span class='ocrx_word' id='word_1_34' title='bbox 1650 596 1827 640; x_wconf 86' lang='lat' dir='ltr'><strong>aedilis-</strong></span> 
     </span>
     <span class='ocr_line' id='line_1_7' title="bbox 229 667 1806 727; baseline -0.003 -11"><span class='ocrx_word' id='word_1_35' title='bbox 229 672 407 727; x_wconf 88' lang='lat' dir='ltr'><strong>curulis,</strong></span> <span class='ocrx_word' id='word_1_36' title='bbox 453 675 643 727; x_wconf 90' lang='lat' dir='ltr'><strong>praetor,</strong></span> <span class='ocrx_word' id='word_1_37' title='bbox 690 671 866 726; x_wconf 90' lang='lat' dir='ltr'><strong>legatus</strong></span> <span class='ocrx_word' id='word_1_38' title='bbox 911 672 1210 726; x_wconf 85' lang='lat' dir='ltr'><strong>Augustorum</strong></span> <span class='ocrx_word' id='word_1_39' title='bbox 1254 668 1441 724; x_wconf 78' lang='lat' dir='ltr'><strong>legionis</strong></span> <span class='ocrx_word' id='word_1_40' title='bbox 1471 668 1562 712; x_wconf 89' lang='lat' dir='ltr'><strong>XX</strong></span> <span class='ocrx_word' id='word_1_41' title='bbox 1599 667 1806 712; x_wconf 75' lang='lat' dir='ltr'><strong>Valeriae</strong></span> 
     </span>
     <span class='ocr_line' id='line_1_8' title="bbox 229 739 1806 797; baseline -0.003 -10"><span class='ocrx_word' id='word_1_42' title='bbox 229 743 451 797; x_wconf 79' lang='lat' dir='ltr'><strong>victricis,</strong></span> <span class='ocrx_word' id='word_1_43' title='bbox 483 743 715 797; x_wconf 87' lang='lat' dir='ltr'><strong>proconsul</strong></span> <span class='ocrx_word' id='word_1_44' title='bbox 745 742 1000 797; x_wconf 87' lang='lat' dir='ltr'><strong>provinciae</strong></span> <span class='ocrx_word' id='word_1_45' title='bbox 1020 740 1330 796; x_wconf 79' lang='lat' dir='ltr'><strong>Narbonensis,</strong></span> <span class='ocrx_word' id='word_1_46' title='bbox 1360 739 1613 795; x_wconf 76' lang='lat' dir='ltr'><strong>praefectus</strong></span> <span class='ocrx_word' id='word_1_47' title='bbox 1644 739 1806 783; x_wconf 88' lang='lat' dir='ltr'><strong>aerarii</strong></span> 
     </span>
     <span class='ocr_line' id='line_1_9' title="bbox 226 814 806 870; baseline -0.003 -11"><span class='ocrx_word' id='word_1_48' title='bbox 226 814 422 870; x_wconf 79' lang='lat' dir='ltr'><strong>Saturni,</strong></span> <span class='ocrx_word' id='word_1_49' title='bbox 454 814 604 858; x_wconf 89' lang='lat' dir='ltr'><strong>consul</strong></span> <span class='ocrx_word' id='word_1_50' title='bbox 634 814 806 858; x_wconf 90' lang='lat' dir='ltr'><strong>iterum.</strong></span> 
     </span>
    </p>
   </div>
   <div class='ocr_carea' id='block_1_5' title="bbox 226 894 1806 1155">
    <p class='ocr_par' dir='ltr' id='par_1_5' title="bbox 226 894 1806 1155">
     <span class='ocr_line' id='line_1_10' title="bbox 374 894 1806 951; baseline -0.003 -9"><span class='ocrx_word' id='word_1_51' title='bbox 374 897 481 942; x_wconf 87' lang='lat' dir='ltr'><strong>Cum</strong></span> <span class='ocrx_word' id='word_1_52' title='bbox 502 897 675 941; x_wconf 87' lang='lat' dir='ltr'><strong>Cestius</strong></span> <span class='ocrx_word' id='word_1_53' title='bbox 696 897 871 951; x_wconf 88' lang='lat' dir='ltr'><strong>legatus</strong></span> <span class='ocrx_word' id='word_1_54' title='bbox 892 897 1190 951; x_wconf 86' lang='lat' dir='ltr'><strong>Augustorum</strong></span> <span class='ocrx_word' id='word_1_55' title='bbox 1212 895 1471 950; x_wconf 83' lang='lat' dir='ltr'><strong>appelletur,</strong></span> <span class='ocrx_word' id='word_1_56' title='bbox 1493 907 1590 939; x_wconf 89' lang='lat' dir='ltr'><strong>eum</strong></span> <span class='ocrx_word' id='word_1_57' title='bbox 1610 894 1806 949; x_wconf 88' lang='lat' dir='ltr'><strong>legatum</strong></span> 
     </span>
     <span class='ocr_line' id='line_1_11' title="bbox 230 965 1805 1022; baseline -0.003 -9"><span class='ocrx_word' id='word_1_58' title='bbox 230 968 370 1013; x_wconf 72' lang='lat' dir='ltr'><strong>tuisse</strong></span> <span class='ocrx_word' id='word_1_59' title='bbox 387 969 443 1013; x_wconf 85' lang='lat' dir='ltr'><strong>M.</strong></span> <span class='ocrx_word' id='word_1_60' title='bbox 458 968 639 1013; x_wconf 88' lang='lat' dir='ltr'><strong>Aurelio</strong></span> <span class='ocrx_word' id='word_1_61' title='bbox 657 972 703 1012; x_wconf 92' lang='lat' dir='ltr'><strong>et</strong></span> <span class='ocrx_word' id='word_1_62' title='bbox 718 968 767 1012; x_wconf 88' lang='lat' dir='ltr'><strong>L.</strong></span> <span class='ocrx_word' id='word_1_63' title='bbox 779 967 896 1011; x_wconf 90' lang='lat' dir='ltr'><strong>Vero</strong></span> <span class='ocrx_word' id='word_1_64' title='bbox 917 966 1254 1021; x_wconf 79' lang='lat' dir='ltr'><strong>imperatoribus</strong></span> <span class='ocrx_word' id='word_1_65' title='bbox 1276 966 1498 1011; x_wconf 87' lang='lat' dir='ltr'><strong>indicatur</strong></span> <span class='ocrx_word' id='word_1_66' title='bbox 1512 965 1805 1022; x_wconf 85' lang='lat'>(161—169);</span> 
     </span>
     <span class='ocr_line' id='line_1_12' title="bbox 229 1037 1805 1094; baseline -0.003 -10"><span class='ocrx_word' id='word_1_67' title='bbox 229 1040 304 1094; x_wconf 87' lang='lat' dir='ltr'><strong>qui</strong></span> <span class='ocrx_word' id='word_1_68' title='bbox 338 1040 542 1094; x_wconf 90' lang='lat' dir='ltr'><strong>quoniam</strong></span> <span class='ocrx_word' id='word_1_69' title='bbox 572 1039 761 1083; x_wconf 89' lang='lat' dir='ltr'><strong>nondum</strong></span> <span class='ocrx_word' id='word_1_70' title='bbox 792 1038 885 1082; x_wconf 88' lang='lat' dir='ltr'><strong>divi</strong></span> <span class='ocrx_word' id='word_1_71' title='bbox 916 1037 1288 1092; x_wconf 85' lang='lat' dir='ltr'><strong>cognominantur,</strong></span> <span class='ocrx_word' id='word_1_72' title='bbox 1321 1042 1425 1081; x_wconf 91' lang='lat' dir='ltr'><strong>aute</strong></span> <span class='ocrx_word' id='word_1_73' title='bbox 1447 1050 1484 1081; x_wconf 84' lang='lat' dir='ltr'><strong>a.</strong></span> <span class='ocrx_word' id='word_1_74' title='bbox 1509 1038 1593 1081; x_wconf 84' lang='lat'><strong>172</strong></span> <span class='ocrx_word' id='word_1_75' title='bbox 1615 1038 1805 1092; x_wconf 88' lang='lat' dir='ltr'><strong>positum</strong></span> 
     </span>
     <span class='ocr_line' id='line_1_13' title="bbox 226 1110 838 1155; baseline -0.002 0"><span class='ocrx_word' id='word_1_76' title='bbox 226 1123 326 1155; x_wconf 83' lang='lat' dir='ltr'><strong>esse</strong></span> <span class='ocrx_word' id='word_1_77' title='bbox 356 1110 535 1155; x_wconf 90' lang='lat' dir='ltr'><strong>titulum</strong></span> <span class='ocrx_word' id='word_1_78' title='bbox 566 1110 838 1154; x_wconf 86' lang='lat' dir='ltr'><strong>coniecimus.</strong></span> 
     </span>
    </p>
   </div>
   <div class='ocr_carea' id='block_1_6' title="bbox 225 1193 1803 1322">
    <p class='ocr_par' dir='ltr' id='par_1_6' title="bbox 225 1193 1803 1322">
     <span class='ocr_line' id='line_1_14' title="bbox 371 1193 1803 1250; baseline -0.003 -11"><span class='ocrx_word' id='word_1_79' title='bbox 371 1195 530 1249; x_wconf 92' lang='lat' dir='ltr'><strong>Itaque</strong></span> <span class='ocrx_word' id='word_1_80' title='bbox 576 1194 863 1250; x_wconf 79' lang='lat' dir='ltr'><strong>magistratus</strong></span> <span class='ocrx_word' id='word_1_81' title='bbox 908 1193 1097 1237; x_wconf 87' lang='lat' dir='ltr'><strong>minores</strong></span> <span class='ocrx_word' id='word_1_82' title='bbox 1143 1193 1261 1237; x_wconf 86' lang='lat' dir='ltr'><strong>inter</strong></span> <span class='ocrx_word' id='word_1_83' title='bbox 1306 1204 1443 1236; x_wconf 89' lang='lat' dir='ltr'><strong>annos</strong></span> <span class='ocrx_word' id='word_1_84' title='bbox 1491 1193 1575 1236; x_wconf 88' lang='grc'><strong>155</strong></span> <span class='ocrx_word' id='word_1_85' title='bbox 1623 1196 1670 1235; x_wconf 90' lang='lat' dir='ltr'><strong>et</strong></span> <span class='ocrx_word' id='word_1_86' title='bbox 1719 1194 1803 1236; x_wconf 87' lang='grc'><strong>165</strong></span> 
     </span>
     <span class='ocr_line' id='line_1_15' title="bbox 225 1266 636 1322; baseline -0.002 -11"><span class='ocrx_word' id='word_1_87' title='bbox 225 1266 416 1322; x_wconf 84' lang='lat' dir='ltr'><strong>gessisse</strong></span> <span class='ocrx_word' id='word_1_88' title='bbox 447 1266 636 1311; x_wconf 87' lang='lat' dir='ltr'><strong>videtur.</strong></span> 
     </span>
    </p>
   </div>
   <div class='ocr_carea' id='block_1_7' title="bbox 70 1359 1991 1447">
    <p class='ocr_par' dir='ltr' id='par_1_7' title="bbox 70 1359 1991 1447">
     <span class='ocr_line' id='line_1_16' title="bbox 70 1359 1991 1447; baseline -0.002 -44"><span class='ocrx_word' id='word_1_89' title='bbox 70 1392 71 1395; x_wconf 17' lang='grc' dir='ltr'>η</span> <span class='ocrx_word' id='word_1_90' title='bbox 152 1359 224 1403; x_wconf 84' lang='grc'><strong>83.</strong></span> <span class='ocrx_word' id='word_1_91' title='bbox 719 1359 773 1404; x_wconf 91' lang='lat' dir='ltr'><strong>C.</strong></span> <span class='ocrx_word' id='word_1_92' title='bbox 805 1359 981 1404; x_wconf 80' lang='lat' dir='ltr'><strong>Arrius</strong></span> <span class='ocrx_word' id='word_1_93' title='bbox 1013 1359 1313 1404; x_wconf 70' lang='lat' dir='ltr'><strong>Antoninus.</strong></span> <span class='ocrx_word' id='word_1_94' title='bbox 1835 1373 1949 1446; x_wconf 60' lang='lat' dir='ltr'>1:11ng</span> <span class='ocrx_word' id='word_1_95' title='bbox 1950 1373 1991 1447; x_wconf 32' lang='grc' dir='ltr'><strong>,ι</strong></span> 
     </span>
    </p>
   </div>
   <div class='ocr_carea' id='block_1_8' title="bbox 222 1441 1805 2286">
    <p class='ocr_par' dir='ltr' id='par_1_8' title="bbox 222 1441 1805 2286">
     <span class='ocr_line' id='line_1_17' title="bbox 370 1441 1803 1489; baseline -0.002 0"><span class='ocrx_word' id='word_1_96' title='bbox 370 1444 698 1489; x_wconf 84' lang='lat' dir='ltr'><strong>Enumerantur</strong></span> <span class='ocrx_word' id='word_1_97' title='bbox 728 1444 914 1488; x_wconf 87' lang='lat' dir='ltr'><strong>honores</strong></span> <span class='ocrx_word' id='word_1_98' title='bbox 945 1443 990 1487; x_wconf 94' lang='lat' dir='ltr'><strong>in</strong></span> <span class='ocrx_word' id='word_1_99' title='bbox 1021 1443 1189 1487; x_wconf 88' lang='lat' dir='ltr'><strong>duobus</strong></span> <span class='ocrx_word' id='word_1_100' title='bbox 1210 1442 1355 1487; x_wconf 90' lang='lat' dir='ltr'><strong>titulis</strong></span> <span class='ocrx_word' id='word_1_101' title='bbox 1376 1441 1685 1486; x_wconf 79' lang='lat' dir='ltr'><strong>Concor-diensi</strong></span> <span class='ocrx_word' id='word_1_102' title='bbox 1706 1442 1803 1486; x_wconf 85' lang='lat' dir='ltr'><strong>CIL</strong></span> 
     </span>
     <span class='ocr_line' id='line_1_18' title="bbox 225 1513 1802 1570; baseline -0.003 -10"><span class='ocrx_word' id='word_1_103' title='bbox 225 1517 267 1561; x_wconf 90' lang='lat' dir='ltr'><strong>V</strong></span> <span class='ocrx_word' id='word_1_104' title='bbox 292 1517 406 1560; x_wconf 83' lang='lat'>1874</span> <span class='ocrx_word' id='word_1_105' title='bbox 438 1516 556 1560; x_wconf 91' lang='lat' dir='ltr'><strong>inter</strong></span> <span class='ocrx_word' id='word_1_106' title='bbox 586 1529 624 1560; x_wconf 88' lang='lat' dir='ltr'><strong>a.</strong></span> <span class='ocrx_word' id='word_1_107' title='bbox 650 1517 730 1559; x_wconf 82' lang='lat'><strong>161</strong></span> <span class='ocrx_word' id='word_1_108' title='bbox 766 1521 812 1560; x_wconf 90' lang='lat' dir='ltr'><strong>et</strong></span> <span class='ocrx_word' id='word_1_109' title='bbox 847 1517 931 1559; x_wconf 88' lang='grc'><strong>169</strong></span> <span class='ocrx_word' id='word_1_110' title='bbox 963 1515 1106 1570; x_wconf 86' lang='lat' dir='ltr'><strong>posito</strong></span> <span class='ocrx_word' id='word_1_111' title='bbox 1138 1520 1185 1559; x_wconf 89' lang='lat' dir='ltr'><strong>et</strong></span> <span class='ocrx_word' id='word_1_112' title='bbox 1216 1514 1406 1558; x_wconf 76' lang='lat' dir='ltr'><strong>Cir-tensi</strong></span> <span class='ocrx_word' id='word_1_113' title='bbox 1432 1513 1529 1558; x_wconf 88' lang='lat' dir='ltr'><strong>CIL</strong></span> <span class='ocrx_word' id='word_1_114' title='bbox 1551 1514 1662 1557; x_wconf 89' lang='lat' dir='ltr'><strong>VIII</strong></span> <span class='ocrx_word' id='word_1_115' title='bbox 1687 1515 1802 1558; x_wconf 86' lang='grc'>7030</span> 
     </span>
     <span class='ocr_line' id='line_1_19' title="bbox 225 1585 1803 1640; baseline -0.001 -9"><span class='ocrx_word' id='word_1_116' title='bbox 225 1587 345 1632; x_wconf 88' lang='lat' dir='ltr'><strong>inter</strong></span> <span class='ocrx_word' id='word_1_117' title='bbox 391 1600 526 1632; x_wconf 85' lang='lat' dir='ltr'><strong>annos</strong></span> <span class='ocrx_word' id='word_1_118' title='bbox 575 1589 660 1630; x_wconf 88' lang='lat'><strong>180</strong></span> <span class='ocrx_word' id='word_1_119' title='bbox 693 1592 739 1631; x_wconf 89' lang='lat' dir='ltr'><strong>et</strong></span> <span class='ocrx_word' id='word_1_120' title='bbox 773 1588 857 1630; x_wconf 89' lang='lat'><strong>188</strong></span> <span class='ocrx_word' id='word_1_121' title='bbox 898 1586 1122 1630; x_wconf 89' lang='lat' dir='ltr'><strong>collocato.</strong></span> <span class='ocrx_word' id='word_1_122' title='bbox 1184 1585 1290 1630; x_wconf 80' lang='lat' dir='ltr'><strong>Fuit</strong></span> <span class='ocrx_word' id='word_1_123' title='bbox 1321 1585 1603 1640; x_wconf 84' lang='lat' dir='ltr'><strong>quattuorvir</strong></span> <span class='ocrx_word' id='word_1_124' title='bbox 1632 1586 1803 1629; x_wconf 86' lang='lat' dir='ltr'><strong>viarum</strong></span> 
     </span>
     <span class='ocr_line' id='line_1_20' title="bbox 225 1657 1805 1713; baseline -0.001 -10"><span class='ocrx_word' id='word_1_125' title='bbox 225 1659 527 1713; x_wconf 88' lang='lat' dir='ltr'><strong>curandarum,</strong></span> <span class='ocrx_word' id='word_1_126' title='bbox 559 1659 762 1703; x_wconf 89' lang='lat' dir='ltr'><strong>tribunus</strong></span> <span class='ocrx_word' id='word_1_127' title='bbox 793 1658 979 1703; x_wconf 90' lang='lat' dir='ltr'><strong>militum</strong></span> <span class='ocrx_word' id='word_1_128' title='bbox 1010 1658 1196 1713; x_wconf 85' lang='lat' dir='ltr'><strong>legionis</strong></span> <span class='ocrx_word' id='word_1_129' title='bbox 1227 1658 1290 1702; x_wconf 92' lang='lat' dir='ltr'><strong>IV</strong></span> <span class='ocrx_word' id='word_1_130' title='bbox 1316 1657 1563 1713; x_wconf 84' lang='lat' dir='ltr'><strong>Scythicae,</strong></span> <span class='ocrx_word' id='word_1_131' title='bbox 1596 1663 1805 1711; x_wconf 87' lang='lat' dir='ltr'><strong>quaestor</strong></span> 
     </span>
     <span class='ocr_line' id='line_1_21' title="bbox 223 1729 1803 1786; baseline -0.001 -11"><span class='ocrx_word' id='word_1_132' title='bbox 223 1731 431 1786; x_wconf 76' lang='lat' dir='ltr'><strong>urbanuS,</strong></span> <span class='ocrx_word' id='word_1_133' title='bbox 471 1731 591 1775; x_wconf 88' lang='lat' dir='ltr'><strong>sevir</strong></span> <span class='ocrx_word' id='word_1_134' title='bbox 621 1731 817 1784; x_wconf 89' lang='lat' dir='ltr'><strong>equitum</strong></span> <span class='ocrx_word' id='word_1_135' title='bbox 847 1730 1150 1783; x_wconf 87' lang='lat' dir='ltr'><strong>Romanorum,</strong></span> <span class='ocrx_word' id='word_1_136' title='bbox 1191 1729 1248 1773; x_wconf 88' lang='lat' dir='ltr'><strong>ab</strong></span> <span class='ocrx_word' id='word_1_137' title='bbox 1280 1729 1392 1774; x_wconf 86' lang='lat' dir='ltr'><strong>actis</strong></span> <span class='ocrx_word' id='word_1_138' title='bbox 1423 1734 1615 1783; x_wconf 69' lang='lat' dir='ltr'><strong>senatuS,</strong></span> <span class='ocrx_word' id='word_1_139' title='bbox 1646 1730 1803 1773; x_wconf 87' lang='lat' dir='ltr'><strong>aedilis</strong></span> 
     </span>
     <span class='ocr_line' id='line_1_22' title="bbox 225 1800 1803 1857; baseline -0.003 -10"><span class='ocrx_word' id='word_1_140' title='bbox 225 1802 402 1857; x_wconf 85' lang='lat' dir='ltr'><strong>curulis,</strong></span> <span class='ocrx_word' id='word_1_141' title='bbox 433 1806 622 1857; x_wconf 89' lang='lat' dir='ltr'><strong>praetor,</strong></span> <span class='ocrx_word' id='word_1_142' title='bbox 655 1802 725 1845; x_wconf 91' lang='lat' dir='ltr'><strong>cui</strong></span> <span class='ocrx_word' id='word_1_143' title='bbox 756 1801 895 1857; x_wconf 90' lang='lat' dir='ltr'><strong>primo</strong></span> <span class='ocrx_word' id='word_1_144' title='bbox 926 1801 1172 1845; x_wconf 82' lang='lat' dir='ltr'><strong>iurisdictio</strong></span> <span class='ocrx_word' id='word_1_145' title='bbox 1202 1800 1434 1856; x_wconf 82' lang='lat' dir='ltr'><strong>pupillaris</strong></span> <span class='ocrx_word' id='word_1_146' title='bbox 1465 1813 1493 1845; x_wconf 89' lang='lat' dir='ltr'><strong>a</strong></span> <span class='ocrx_word' id='word_1_147' title='bbox 1514 1801 1803 1845; x_wconf 86' lang='lat' dir='ltr'><strong>sanctissimis</strong></span> 
     </span>
     <span class='ocr_line' id='line_1_23' title="bbox 225 1872 1802 1929; baseline -0.001 -12"><span class='ocrx_word' id='word_1_148' title='bbox 225 1873 565 1928; x_wconf 88' lang='lat' dir='ltr'><strong>imperatoribus</strong></span> <span class='ocrx_word' id='word_1_149' title='bbox 596 1873 785 1929; x_wconf 87' lang='lat' dir='ltr'><strong>(scilicet</strong></span> <span class='ocrx_word' id='word_1_150' title='bbox 816 1886 844 1917; x_wconf 86' lang='lat' dir='ltr'><strong>a</strong></span> <span class='ocrx_word' id='word_1_151' title='bbox 874 1873 931 1918; x_wconf 75' lang='lat' dir='ltr'><strong>M.</strong></span> <span class='ocrx_word' id='word_1_152' title='bbox 954 1872 1134 1916; x_wconf 88' lang='lat' dir='ltr'><strong>Aurelio</strong></span> <span class='ocrx_word' id='word_1_153' title='bbox 1166 1878 1212 1916; x_wconf 85' lang='lat' dir='ltr'><strong>et</strong></span> <span class='ocrx_word' id='word_1_154' title='bbox 1243 1872 1293 1916; x_wconf 87' lang='lat' dir='ltr'><strong>L.</strong></span> <span class='ocrx_word' id='word_1_155' title='bbox 1316 1872 1451 1928; x_wconf 84' lang='lat' dir='ltr'><strong>Vero)</strong></span> <span class='ocrx_word' id='word_1_156' title='bbox 1481 1873 1691 1917; x_wconf 85' lang='lat' dir='ltr'><strong>mandata</strong></span> <span class='ocrx_word' id='word_1_157' title='bbox 1721 1878 1802 1927; x_wconf 84' lang='lat' dir='ltr'><strong>est,</strong></span> 
     </span>
     <span class='ocr_line' id='line_1_24' title="bbox 224 1944 1803 2000; baseline -0.001 -11"><span class='ocrx_word' id='word_1_158' title='bbox 224 1945 436 1990; x_wconf 83' lang='lat' dir='ltr'><strong>iuridicus</strong></span> <span class='ocrx_word' id='word_1_159' title='bbox 467 1958 547 2000; x_wconf 85' lang='lat' dir='ltr'><strong>per</strong></span> <span class='ocrx_word' id='word_1_160' title='bbox 567 1944 745 1989; x_wconf 88' lang='lat' dir='ltr'><strong>Italiam</strong></span> <span class='ocrx_word' id='word_1_161' title='bbox 766 1945 959 2000; x_wconf 87' lang='lat' dir='ltr'><strong>regionis</strong></span> <span class='ocrx_word' id='word_1_162' title='bbox 979 1945 1322 1999; x_wconf 83' lang='lat' dir='ltr'><strong>&#39;Pranspadanae</strong></span> <span class='ocrx_word' id='word_1_163' title='bbox 1342 1944 1519 1999; x_wconf 77' lang='lat' dir='ltr'><strong>primuS,</strong></span> <span class='ocrx_word' id='word_1_164' title='bbox 1550 1944 1803 1999; x_wconf 77' lang='lat' dir='ltr'><strong>praefectus</strong></span> 
     </span>
     <span class='ocr_line' id='line_1_25' title="bbox 224 2015 1803 2071; baseline 0 -11"><span class='ocrx_word' id='word_1_165' title='bbox 224 2017 390 2061; x_wconf 75' lang='lat' dir='ltr'><strong>aerarii</strong></span> <span class='ocrx_word' id='word_1_166' title='bbox 410 2016 601 2071; x_wconf 89' lang='lat' dir='ltr'><strong>Saturni,</strong></span> <span class='ocrx_word' id='word_1_167' title='bbox 633 2016 798 2071; x_wconf 90' lang='lat' dir='ltr'><strong>primus</strong></span> <span class='ocrx_word' id='word_1_168' title='bbox 830 2016 1096 2060; x_wconf 88' lang='lat' dir='ltr'><strong>constitutus</strong></span> <span class='ocrx_word' id='word_1_169' title='bbox 1117 2020 1296 2060; x_wconf 87' lang='lat' dir='ltr'><strong>curator</strong></span> <span class='ocrx_word' id='word_1_170' title='bbox 1315 2015 1592 2069; x_wconf 87' lang='lat' dir='ltr'><strong>Nolanorum,</strong></span> <span class='ocrx_word' id='word_1_171' title='bbox 1625 2021 1803 2060; x_wconf 89' lang='lat' dir='ltr'><strong>curator</strong></span> 
     </span>
     <span class='ocr_line' id='line_1_26' title="bbox 223 2087 1802 2143; baseline -0.001 -11"><span class='ocrx_word' id='word_1_172' title='bbox 223 2087 576 2142; x_wconf 82' lang='lat' dir='ltr'><strong>Ariminensium,</strong></span> <span class='ocrx_word' id='word_1_173' title='bbox 609 2092 786 2132; x_wconf 88' lang='lat' dir='ltr'><strong>curator</strong></span> <span class='ocrx_word' id='word_1_174' title='bbox 817 2088 1048 2132; x_wconf 87' lang='lat' dir='ltr'><strong>civitatum</strong></span> <span class='ocrx_word' id='word_1_175' title='bbox 1079 2100 1158 2142; x_wconf 91' lang='lat' dir='ltr'><strong>per</strong></span> <span class='ocrx_word' id='word_1_176' title='bbox 1184 2087 1428 2143; x_wconf 83' lang='lat' dir='ltr'><strong>Aemiliam,</strong></span> <span class='ocrx_word' id='word_1_177' title='bbox 1459 2087 1602 2132; x_wconf 77' lang='lat' dir='ltr'><strong>irater</strong></span> <span class='ocrx_word' id='word_1_178' title='bbox 1622 2088 1802 2132; x_wconf 87' lang='lat' dir='ltr'><strong>Arvalis</strong></span> 
     </span>
     <span class='ocr_line' id='line_1_27' title="bbox 223 2158 1801 2216; baseline -0.001 -13"><span class='ocrx_word' id='word_1_179' title='bbox 223 2158 494 2216; x_wconf 86' lang='lat' dir='ltr'><strong>(nominatur</strong></span> <span class='ocrx_word' id='word_1_180' title='bbox 533 2172 570 2203; x_wconf 91' lang='lat' dir='ltr'><strong>a.</strong></span> <span class='ocrx_word' id='word_1_181' title='bbox 606 2160 689 2203; x_wconf 89' lang='grc'><strong>186</strong></span> <span class='ocrx_word' id='word_1_182' title='bbox 728 2159 773 2203; x_wconf 92' lang='lat' dir='ltr'><strong>in</strong></span> <span class='ocrx_word' id='word_1_183' title='bbox 805 2159 918 2203; x_wconf 87' lang='lat' dir='ltr'><strong>actis</strong></span> <span class='ocrx_word' id='word_1_184' title='bbox 948 2158 1136 2203; x_wconf 86' lang='lat' dir='ltr'><strong>fratrum</strong></span> <span class='ocrx_word' id='word_1_185' title='bbox 1167 2158 1397 2203; x_wconf 86' lang='lat' dir='ltr'><strong>Arvalium</strong></span> <span class='ocrx_word' id='word_1_186' title='bbox 1428 2158 1525 2203; x_wconf 87' lang='lat' dir='ltr'><strong>CIL</strong></span> <span class='ocrx_word' id='word_1_187' title='bbox 1557 2159 1621 2202; x_wconf 92' lang='lat' dir='ltr'><strong>VI</strong></span> <span class='ocrx_word' id='word_1_188' title='bbox 1653 2159 1801 2214; x_wconf 86' lang='grc'>2100),</span> 
     </span>
     <span class='ocr_line' id='line_1_28' title="bbox 222 2230 1218 2286; baseline 0 -12"><span class='ocrx_word' id='word_1_189' title='bbox 222 2242 377 2286; x_wconf 86' lang='lat' dir='ltr'><strong>augur,</strong></span> <span class='ocrx_word' id='word_1_190' title='bbox 408 2230 571 2274; x_wconf 86' lang='lat' dir='ltr'><strong>sodalis</strong></span> <span class='ocrx_word' id='word_1_191' title='bbox 602 2231 853 2274; x_wconf 84' lang='lat' dir='ltr'><strong>Marcianus</strong></span> <span class='ocrx_word' id='word_1_192' title='bbox 884 2230 1218 2275; x_wconf 84' lang='lat' dir='ltr'><strong>Antoninianus.</strong></span> 
     </span>
    </p>
   </div>
   <div class='ocr_carea' id='block_1_9' title="bbox 220 2313 1801 2572">
    <p class='ocr_par' dir='ltr' id='par_1_9' title="bbox 220 2313 1801 2572">
     <span class='ocr_line' id='line_1_29' title="bbox 368 2313 1799 2369; baseline 0 -12"><span class='ocrx_word' id='word_1_193' title='bbox 368 2314 490 2358; x_wconf 89' lang='lat' dir='ltr'><strong>Arrii</strong></span> <span class='ocrx_word' id='word_1_194' title='bbox 520 2314 660 2368; x_wconf 87' lang='lat' dir='ltr'><strong>igitur</strong></span> <span class='ocrx_word' id='word_1_195' title='bbox 689 2313 905 2368; x_wconf 84' lang='lat' dir='ltr'><strong>aedilitas,</strong></span> <span class='ocrx_word' id='word_1_196' title='bbox 938 2326 1034 2357; x_wconf 87' lang='lat' dir='ltr'><strong>cum</strong></span> <span class='ocrx_word' id='word_1_197' title='bbox 1065 2313 1201 2357; x_wconf 77' lang='lat' dir='ltr'><strong>fuerit</strong></span> <span class='ocrx_word' id='word_1_198' title='bbox 1233 2319 1336 2358; x_wconf 85' lang='lat' dir='ltr'><strong>ante</strong></span> <span class='ocrx_word' id='word_1_199' title='bbox 1367 2326 1527 2358; x_wconf 90' lang='lat' dir='ltr'><strong>annum</strong></span> <span class='ocrx_word' id='word_1_200' title='bbox 1557 2315 1642 2357; x_wconf 89' lang='grc'><strong>169</strong></span> <span class='ocrx_word' id='word_1_201' title='bbox 1673 2326 1799 2369; x_wconf 90' lang='lat' dir='ltr'><strong>prae-</strong></span> 
     </span>
     <span class='ocr_line' id='line_1_30' title="bbox 222 2385 1800 2440; baseline 0.001 -12"><span class='ocrx_word' id='word_1_202' title='bbox 222 2385 369 2430; x_wconf 77' lang='lat' dir='ltr'><strong>fectus</strong></span> <span class='ocrx_word' id='word_1_203' title='bbox 400 2385 562 2429; x_wconf 87' lang='lat' dir='ltr'><strong>aerarii</strong></span> <span class='ocrx_word' id='word_1_204' title='bbox 592 2385 773 2429; x_wconf 88' lang='lat' dir='ltr'><strong>Saturni</strong></span> <span class='ocrx_word' id='word_1_205' title='bbox 805 2389 851 2430; x_wconf 88' lang='lat' dir='ltr'><strong>et</strong></span> <span class='ocrx_word' id='word_1_206' title='bbox 880 2389 1061 2440; x_wconf 90' lang='lat' dir='ltr'><strong>praetor</strong></span> <span class='ocrx_word' id='word_1_207' title='bbox 1090 2385 1307 2439; x_wconf 78' lang='lat' dir='ltr'><strong>tutelariS,</strong></span> <span class='ocrx_word' id='word_1_208' title='bbox 1338 2385 1549 2429; x_wconf 85' lang='lat' dir='ltr'><strong>iuridicus</strong></span> <span class='ocrx_word' id='word_1_209' title='bbox 1580 2385 1800 2440; x_wconf 83' lang='lat' dir='ltr'><strong>Transpa-</strong></span> 
     </span>
     <span class='ocr_line' id='line_1_31' title="bbox 221 2454 1801 2513; baseline -0.001 -12"><span class='ocrx_word' id='word_1_210' title='bbox 221 2458 366 2501; x_wconf 80' lang='lat' dir='ltr'><strong>danae</strong></span> <span class='ocrx_word' id='word_1_211' title='bbox 410 2460 514 2501; x_wconf 89' lang='lat' dir='ltr'><strong>ante</strong></span> <span class='ocrx_word' id='word_1_212' title='bbox 560 2467 719 2500; x_wconf 91' lang='lat' dir='ltr'><strong>annum</strong></span> <span class='ocrx_word' id='word_1_213' title='bbox 768 2457 865 2511; x_wconf 85' lang='lat'><strong>166,</strong></span> <span class='ocrx_word' id='word_1_214' title='bbox 875 2454 910 2513; x_wconf 90' lang='lat'><strong>¹)</strong></span> <span class='ocrx_word' id='word_1_215' title='bbox 957 2456 1075 2500; x_wconf 89' lang='lat' dir='ltr'><strong>circa</strong></span> <span class='ocrx_word' id='word_1_216' title='bbox 1121 2468 1279 2500; x_wconf 91' lang='lat' dir='ltr'><strong>annum</strong></span> <span class='ocrx_word' id='word_1_217' title='bbox 1329 2458 1413 2499; x_wconf 88' lang='grc'><strong>160</strong></span> <span class='ocrx_word' id='word_1_218' title='bbox 1459 2457 1660 2511; x_wconf 87' lang='lat' dir='ltr'><strong>ponenda</strong></span> <span class='ocrx_word' id='word_1_219' title='bbox 1703 2469 1801 2500; x_wconf 88' lang='lat' dir='ltr'><strong>esse</strong></span> 
     </span>
     <span class='ocr_line' id='line_1_32' title="bbox 220 2527 412 2572; baseline 0 0"><span class='ocrx_word' id='word_1_220' title='bbox 220 2527 412 2572; x_wconf 84' lang='lat' dir='ltr'><strong>videtur.</strong></span> 
     </span>
    </p>
   </div>
   <div class='ocr_carea' id='block_1_10' title="bbox 221 2610 1799 2738">
    <p class='ocr_par' dir='ltr' id='par_1_10' title="bbox 221 2610 1799 2738">
     <span class='ocr_line' id='line_1_33' title="bbox 366 2610 1799 2666; baseline 0.001 -12"><span class='ocrx_word' id='word_1_221' title='bbox 366 2611 463 2654; x_wconf 92' lang='lat' dir='ltr'><strong>Hoc</strong></span> <span class='ocrx_word' id='word_1_222' title='bbox 495 2611 548 2654; x_wconf 90' lang='lat' dir='ltr'><strong>de</strong></span> <span class='ocrx_word' id='word_1_223' title='bbox 580 2610 675 2655; x_wconf 89' lang='lat' dir='ltr'><strong>viro</strong></span> <span class='ocrx_word' id='word_1_224' title='bbox 707 2611 930 2666; x_wconf 85' lang='lat' dir='ltr'><strong>sagaciter</strong></span> <span class='ocrx_word' id='word_1_225' title='bbox 960 2611 1205 2666; x_wconf 84' lang='lat' dir='ltr'><strong>disputavit</strong></span> <span class='ocrx_word' id='word_1_226' title='bbox 1232 2612 1284 2655; x_wconf 82' lang='lat' dir='ltr'><strong>A.</strong></span> <span class='ocrx_word' id='word_1_227' title='bbox 1306 2611 1375 2654; x_wconf 90' lang='lat' dir='ltr'><strong>W.</strong></span> <span class='ocrx_word' id='word_1_228' title='bbox 1395 2611 1556 2666; x_wconf 89' lang='lat' dir='ltr'><strong>Zumpt</strong></span> <span class='ocrx_word' id='word_1_229' title='bbox 1588 2624 1799 2655; x_wconf 89' lang='lat' dir='ltr'><strong>commen·</strong></span> 
     </span>
     <span class='ocr_line' id='line_1_34' title="bbox 221 2682 1643 2738; baseline 0 -12"><span class='ocrx_word' id='word_1_230' title='bbox 221 2682 441 2726; x_wconf 86' lang='lat' dir='ltr'><strong>tationum</strong></span> <span class='ocrx_word' id='word_1_231' title='bbox 473 2683 853 2738; x_wconf 87' lang='lat' dir='ltr'><strong>epigraphicarum</strong></span> <span class='ocrx_word' id='word_1_232' title='bbox 884 2683 956 2727; x_wconf 89' lang='lat' dir='ltr'><strong>vol</strong></span> <span class='ocrx_word' id='word_1_233' title='bbox 988 2683 1047 2736; x_wconf 92' lang='lat' dir='ltr'><strong>II,</strong></span> <span class='ocrx_word' id='word_1_234' title='bbox 1077 2682 1221 2726; x_wconf 84' lang='lat' dir='ltr'><strong>Berol.</strong></span> <span class='ocrx_word' id='word_1_235' title='bbox 1256 2683 1371 2726; x_wconf 83' lang='lat'>1854</span> <span class='ocrx_word' id='word_1_236' title='bbox 1402 2696 1442 2737; x_wconf 92' lang='lat' dir='ltr'><strong>p.</strong></span> <span class='ocrx_word' id='word_1_237' title='bbox 1465 2684 1492 2726; x_wconf 86' lang='lat'><strong>3</strong></span> <span class='ocrx_word' id='word_1_238' title='bbox 1523 2695 1643 2737; x_wconf 87' lang='lat' dir='ltr'><strong>seqq.</strong></span> 
     </span>
    </p>
   </div>
   <div class='ocr_carea' id='block_1_11' title="bbox 216 2778 508 2786">
    <p class='ocr_par' dir='ltr' id='par_1_11' title="bbox 216 2778 508 2786">
     <span class='ocr_line' id='line_1_35' title="bbox 216 2778 508 2786; baseline 0 0"><span class='ocrx_word' id='word_1_239' title='bbox 216 2778 508 2786; x_wconf 95' lang='lat' dir='ltr'><strong> </strong></span> 
     </span>
    </p>
   </div>
   <div class='ocr_carea' id='block_1_12' title="bbox 367 2836 1796 2882">
    <p class='ocr_par' dir='ltr' id='par_1_12' title="bbox 367 2836 1796 2882">
     <span class='ocr_line' id='line_1_36' title="bbox 367 2836 1796 2882; baseline 0.001 -10"><span class='ocrx_word' id='word_1_240' title='bbox 367 2837 404 2882; x_wconf 92' lang='grc'><strong>1)</strong></span> <span class='ocrx_word' id='word_1_241' title='bbox 429 2836 580 2873; x_wconf 76' lang='lat' dir='ltr'><strong>nmen</strong></span> <span class='ocrx_word' id='word_1_242' title='bbox 617 2842 701 2873; x_wconf 79' lang='lat' dir='ltr'><strong>acta</strong></span> <span class='ocrx_word' id='word_1_243' title='bbox 736 2837 892 2873; x_wconf 72' lang='lat' dir='ltr'><strong>fratrum</strong></span> <span class='ocrx_word' id='word_1_244' title='bbox 917 2837 1107 2873; x_wconf 75' lang='lat' dir='ltr'><strong>Arvalium</strong></span> <span class='ocrx_word' id='word_1_245' title='bbox 1135 2838 1214 2873; x_wconf 80' lang='lat'><strong>177.</strong></span> <span class='ocrx_word' id='word_1_246' title='bbox 1264 2838 1461 2874; x_wconf 68' lang='lat' dir='ltr'><strong>Mommsen</strong></span> <span class='ocrx_word' id='word_1_247' title='bbox 1486 2836 1601 2874; x_wconf 84' lang='lat' dir='ltr'><strong>St.·B.</strong></span> <span class='ocrx_word' id='word_1_248' title='bbox 1626 2836 1666 2874; x_wconf 91' lang='lat'><strong>11</strong></span> <span class='ocrx_word' id='word_1_249' title='bbox 1692 2837 1796 2874; x_wconf 81' lang='lat'>1085.</span> 
     </span>
    </p>
   </div>
   <div class='ocr_carea' id='block_1_13' title="bbox 0 0 105 3242">
    <p class='ocr_par' dir='ltr' id='par_1_13' title="bbox 0 0 105 3242">
     <span class='ocr_line' id='line_1_37' title="bbox 0 0 105 3242; baseline 0 0"><span class='ocrx_word' id='word_1_250' title='bbox 0 0 105 3242; x_wconf 95' lang='lat' dir='ltr'><strong> </strong></span> 
     </span>
    </p>
   </div>
  </div>
 </body>
</html>
