2046 3242
291 880 359 921 59.

994 245 1289 288 ..38-

361 383 490 422 natus
522 390 616 420 esse
643 380 801 431 potest,
812 374 845 432 ι)
878 388 1059 430 eumque
1090 387 1203 419 anno
1232 376 1318 419 709
1336 393 1391 412 --·
1409 376 1466 419 45
1499 375 1821 419 adulescentem
1840 386 1926 419 non

361 450 489 503 plane
511 448 726 491 eruditum
759 447 894 491 fuisse
922 447 1199 502 cognoscitur
1219 460 1242 490 e
1264 446 1350 491 Cic.
1371 459 1436 501 ep.
1459 447 1514 490 ad
1536 448 1629 491 Att.
1651 446 1765 490 XIII
1801 447 1866 499 16,
1891 446 1927 500 1,

360 520 573 573 siquidem
605 520 741 563 verba
772 518 991 562 Ciceronis
1022 518 1088 562 ita
1118 518 1450 572 interpretanda
1492 523 1606 562 suut.
1666 517 1835 573 Quibus
1873 517 1929 560 de

360 591 502 634 causis
525 590 753 634 Lucullum
784 594 976 634 statuam
1009 602 1121 633 anno
1153 589 1246 632 fere
1280 590 1363 633 707
1383 608 1438 625 =
1457 590 1512 632 47
1540 588 1765 632 dedicasse
1785 587 1927 643 Septi-

359 662 575 715 miumque
618 661 768 716 primis
800 661 991 716 Augusti
1037 661 1305 715 temporibus
1346 660 1417 704 vel
1448 660 1578 715 paulo
1610 664 1713 704 ante
1744 658 1929 703 aedilem

361 733 496 777 fuisse
528 731 844 788 coniecimus.')

872 874 930 917 P.
963 874 1183 931 Paquius
1215 873 1421 918 Scaeva.

504 960 701 1003 Honores
734 963 889 1003 extant
919 958 965 1002 in
989 958 1274 1012 inscriptione
1296 957 1567 1002 Histoniensi
1589 957 1685 1001 CIL
1706 956 1773 1001 IX
1794 957 1952 1002 284527

360 1031 447 1074 fuit
478 1035 694 1084 quaestor,
726 1030 946 1074 decemvir
976 1029 1172 1074 stlitibus
1204 1029 1447 1073 iudicandis
1478 1041 1534 1073 ex
1554 1036 1590 1073 s.
1612 1041 1646 1072 c.
1668 1032 1768 1083 post
1798 1039 1929 1082 quae-

360 1107 538 1157 sturam,
561 1101 840 1156 quattuorvir
861 1101 1064 1156 capitalis
1086 1113 1140 1144 ex
1161 1113 1194 1144 s.
1215 1114 1249 1144 c.
1271 1105 1371 1155 post
1392 1104 1671 1155 quaesturam
1693 1104 1738 1144 et
1762 1100 1929 1143 decem·

361 1174 552 1218 viratum
583 1173 770 1217 stlitium
801 1173 1141 1227 iudicandarum,
1173 1172 1375 1216 tribunus
1395 1172 1548 1227 plebis,
1579 1171 1734 1215 aedilis
1755 1170 1931 1226 curulis,

361 1246 491 1288 iudex
538 1245 824 1299 quaestionis,
870 1248 1049 1299 praetor
1094 1243 1273 1298 aerarii,
1318 1255 1398 1298 pro
1441 1242 1617 1287 consule
1662 1241 1931 1297 provinciam

361 1316 550 1372 Cyprum
581 1316 783 1371 obtinuit,
815 1315 985 1360 viarum
1017 1319 1194 1359 curator
1224 1319 1352 1359 extra
1382 1316 1533 1358 urbem
1554 1314 1735 1357 Romam
1766 1325 1821 1357 ex
1840 1325 1875 1358 s.
1895 1325 1932 1358 c.

360 1388 406 1431 in
447 1387 797 1442 quinquennium,
842 1386 1072 1441 proconsul
1112 1387 1271 1431 iterum
1314 1390 1443 1430 extra
1472 1390 1634 1429 sortem
1665 1384 1933 1429 auctoritate

361 1459 551 1514 Augusti
583 1459 783 1503 Caesaris
814 1463 859 1502 et
890 1471 923 1502 s.
955 1471 989 1502 c.
1019 1458 1176 1502 missus
1223 1459 1278 1501 ad
1322 1458 1660 1512 componendum
1690 1460 1856 1501 statum
1885 1455 1933 1500 in

360 1530 575 1583 reliquum
606 1529 860 1584 provinciae
891 1529 1036 1584 Cypri,
1067 1528 1246 1573 fetialia

504 1613 610 1656 Cum
654 1617 907 1667 praeturam
952 1612 1140 1667 gesserit
1177 1612 1350 1667 aerarii,
1397 1624 1526 1666 qnam
1555 1611 1807 1656 institutam
1837 1622 1934 1656 esse
2022 1647 2024 1651 ,

362 1697 474 1728 anno
508 1685 590 1727 731
611 1685 741 1727 =23
788 1681 1018 1740 constat,⁸)
1065 1696 1178 1727 anno
1226 1685 1460 1727 732=22
1492 1682 1565 1727 vel
1609 1687 1710 1738 post
1754 1686 1935 1738 praetor

361 1754 503 1812 fuit.⁴)
563 1756 715 1809 Neque
760 1759 908 1799 tamen
953 1755 1090 1799 multo
1136 1760 1292 1810 postea
1337 1756 1419 1799 hoc
1460 1755 1725 1810 magistratu
1755 1754 1934 1799 functus

362 1841 458 1871 esse
482 1827 670 1882 videtur,
701 1839 797 1870 cum
821 1827 1064 1871 obtinuerit
1085 1831 1130 1871 et
1151 1827 1423 1871 aedilitatem
1445 1831 1490 1871 et
1510 1827 1795 1881 tribunatum,
1825 1837 1933 1881 quos

361 1899 648 1953 magistratus
668 1899 895 1953 Augustus
925 1898 1056 1953 paulo
1086 1902 1188 1952 post
1217 1911 1408 1954 pugnam
1429 1898 1658 1942 Actiacam
1687 1910 1772 1941 uno
1793 1897 1934 1953 gradu

362 1970 573 2014 honorum
604 1970 841 2013 coniunxit.

504 2053 704 2106 Denique
735 2053 946 2097 Scaevam
993 2065 1165 2096 cursum
1211 2065 1335 2096 suum
1370 2052 1581 2095 honorum
1626 2055 1777 2096 aetate
1816 2051 1935 2096 inter

364 2124 593 2168 Caesarem
638 2125 899 2168 dictatorem
945 2128 991 2168 et
1029 2125 1277 2180 Augustum
1322 2124 1468 2178 posita
1512 2123 1789 2168 incohavisse
1831 2123 1936 2167 inde

364 2199 559 2250 apparet,
592 2197 707 2248 quod
738 2196 1018 2248 quattuorvir
1044 2196 1132 2239 fuit
1153 2195 1368 2250 capitalis,
1400 2196 1515 2249 quod
1535 2195 1766 2250 collequm
1784 2194 1933 2249 primi·

363 2271 437 2311 tus
466 2266 742 2310 triumvirale
773 2267 1064 2320 ampliaverat
1095 2267 1267 2322 Caesar,
1305 2268 1362 2310 ad
1390 2267 1580 2321 priorem
1610 2270 1758 2310 autem
1786 2277 1934 2310 nume-

364 2350 460 2381 rum
489 2338 663 2392 redegit
692 2335 976 2393 Augustus.⁶)

1954 1013 1976 1050 ‘1

509 2480 545 2524 1)
572 2479 695 2514 Cicero
719 2482 758 2515 et
782 2479 872 2515 Cato
897 2482 1037 2515 tutores
1061 2479 1227 2515 fuerunt:
1255 2479 1327 2514 Cic.
1354 2479 1398 2514 de
1422 2479 1484 2514 fin.
1501 2479 1560 2514 III
1578 2480 1610 2514 7.
1649 2479 1764 2515 Varro
1788 2479 1834 2514 de
1856 2489 1886 2514 r.
1902 2489 1932 2514 r.

364 2539 422 2575 HI
447 2539 479 2584 2,
508 2539 563 2574 17.
614 2539 812 2575 Columella
837 2539 881 2574 de
904 2550 934 2574 r.
959 2550 988 2574 r.
1014 2539 1107 2574 VIII
1134 2539 1188 2584 16,
1216 2541 1248 2574 5.

507 2598 544 2644 2)
570 2599 779 2634 Adnotatur
801 2598 887 2633 PIR.
901 2598 960 2633 m
975 2609 1011 2643 p.
1029 2598 1099 2632 212
1124 2609 1178 2633 nr.
1197 2598 1283 2634 340:
1309 2598 1465 2633 Videtur
1489 2597 1625 2633 vixisse
1650 2597 1746 2633 circa
1769 2601 1936 2643 tempora

365 2658 538 2703 Augusti,
568 2658 632 2693 vix
655 2661 792 2702 postea.

509 2718 546 2762 3)
571 2718 769 2753 Mommsen
793 2717 907 2753 St.-R.
932 2717 972 2752 11
997 2717 1067 2753 558
1091 2728 1127 2752 n.
1145 2717 1179 2752 2.

507 2777 547 2822 4)
571 2776 728 2812 Levison
752 2787 806 2812 nr.
823 2776 858 2812 4.

509 2837 547 2881 5)
572 2837 770 2872 Mommsen
794 2835 908 2872 St.-R.
932 2835 973 2872 Π
997 2836 1078 2872 595.
