2046 3242
850 274 1151 317 ...49-

212 406 392 451 iunctus
423 403 553 463 est;¹)
601 410 735 459 atque
777 409 881 449 ante
913 416 1072 448 annum
1104 403 1190 446 217
1224 402 1367 446 virum
1398 401 1595 456 ignotum
1626 400 1794 444 vixisse

212 479 398 522 doeetnr
427 477 659 521 tribunatu
678 476 866 531 legionis
888 476 977 520 VH
999 474 1222 529 Geminae,
1255 474 1325 517 cui
1355 486 1381 516 a
1402 472 1631 517 Caracalla
1653 472 1792 527 primo

212 561 452 604 cognomen
482 548 809 592 Antoninianae
840 549 992 591 datum
1022 550 1102 591 est.

140 693 211 737 79.
724 690 784 734 A.
816 690 1016 734 Plotius
1049 688 1280 733 Sabinus.
1850 687 1954 724 mor

356 775 506 819 Titulo
546 774 783 829 sepulcrali
815 773 912 817 CIL
943 773 1008 816 VI
1043 774 1190 816 31746
1228 773 1412 816 docetur
1442 773 1494 815 A.
1524 770 1717 834 Plotium
1749 746 2009 821 umam-¹132&

212 846 243 891 ί.
275 846 486 891 Sabinum
521 846 659 890 fuisse
700 845 995 889 decemvirum
1036 844 1234 888 stlitibus
1266 843 1523 896 iudicandis,
1570 843 1794 886 tribunum

212 917 488 962 laticlavium
528 916 715 973 legionis
746 916 770 960 I
800 915 1047 959 Minerviae
1082 915 1183 970 piae
1214 914 1366 968 fidelia,
1414 918 1691 968 quaestorem
1723 926 1793 957 ur·

211 989 386 1043 banum,
428 987 621 1032 sevirum
664 987 860 1041 equitnm
892 986 1196 1039 Romanorum,
1244 985 1430 1030 aedilem
1474 985 1679 1039 curulem,
1726 998 1793 1027 so·

213 1059 358 1104 dalem
387 1058 607 1113 Titialem,
646 1060 897 1113 praetorem
938 1060 1073 1111 atque
1105 1056 1310 1101 habuisse
1342 1057 1577 1099 secundam
1608 1056 1793 1111 impera·

212 1131 326 1175 toris
371 1130 584 1175 Antonini
630 1129 822 1184 Augusti
867 1129 938 1173 Pii
984 1128 1307 1173 salutationem.
1386 1127 1588 1171 Mortuus
1634 1132 1704 1171 est
1750 1128 1794 1171 in

213 1205 436 1258 praetura.

357 1273 444 1330 Qui
475 1286 572 1317 eum
602 1273 740 1317 fuerit
771 1273 935 1316 amicus
966 1272 1179 1316 Antonini
1211 1271 1293 1325 Pii,
1338 1271 1468 1315 huius
1500 1271 1580 1314 sub
1612 1271 1795 1325 imperio

213 1345 351 1390 etiam
382 1344 657 1389 aedilitatem
687 1344 920 1399 posuimus.

138 1488 211 1532 80.
543 1487 609 1531 Μ.
641 1486 882 1531 Servilius
914 1486 1165 1530 Fabianus
1199 1485 1460 1530 Maximus.
1824 1489 1922 1525 eima
1945 1499 1979 1526 a.

355 1572 443 1616 Tit.
490 1573 684 1616 urbanus
731 1571 828 1615 CIL
859 1571 924 1615 VI
974 1572 1109 1614 1517:
1163 1570 1248 1613 tuit
1295 1570 1577 1624 quattuorvir
1623 1570 1794 1614 viarum
1871 1538 1950 1573 ηδ’

210 1644 516 1699 curandarum,
547 1643 751 1687 tribunus
781 1642 968 1698 legionis
999 1642 1022 1685 I
1053 1642 1311 1695 Minerviae,
1349 1646 1558 1696 quaestor
1588 1642 1793 1695 urbanus,

210 1715 270 1759 ab
302 1714 416 1759 actis
446 1718 638 1769 senatuS,
669 1714 826 1757 aedilis
859 1713 1034 1767 curulis,
1067 1716 1258 1768 praetor,
1289 1712 1466 1768 legatus
1486 1725 1566 1767 pro
1587 1718 1793 1768 praetore

208 1786 467 1841 provinciae
498 1786 645 1840 Asiae,
691 1789 871 1835 curator
901 1785 1002 1830 viae
1035 1784 1254 1838 Valeriae,
1297 1784 1474 1839 legatus
1504 1784 1691 1839 legionis
1722 1784 1793 1828 ΙΙΙ

210 1855 424 1912 Gallicae,
461 1856 714 1912 praefectus
746 1856 909 1900 aerarii
940 1855 1133 1911 Saturni,
1179 1855 1360 1910 fetialia
1407 1855 1569 1910 consul,
1616 1861 1795 1899 curator

209 1928 386 1972 aedium
431 1940 665 1982 sacrarum,
712 1927 888 1983 legatus
919 1929 1219 1983 Augustorum
1262 1940 1342 1982 pro
1379 1931 1585 1982 praetore
1616 1928 1793 1982 provin·

209 1999 379 2044 eiarum
409 2000 582 2055 Mysiae
612 1999 851 2055 superioris
882 1999 989 2044 item
1020 1999 1192 2054 Mysiae
1223 1999 1457 2043 inferioris

327 2099 332 2104 -
354 2071 478 2116 Idem
509 2071 724 2116 Servilius
764 2071 897 2115 titulo
929 2071 974 2115 in
1006 2071 1174 2115 Moesia
1205 2066 1427 2127 reperto’)
1459 2084 1507 2114 se
1537 2083 1617 2126 pro
1648 2071 1792 2115 salute

210 2142 491 2198 imperatoris
522 2143 724 2188 Caesaris
756 2143 814 2187 M.
845 2143 1018 2187 Aurelii
1049 2143 1262 2187 Antonini
1293 2143 1485 2198 Augusti
1529 2147 1575 2187 et
1606 2143 1791 2198 impera·

210 2213 325 2258 toris
356 2213 558 2259 Caesaris
588 2215 638 2259 L.
669 2214 842 2259 Aurelii
872 2215 980 2259 Veri
1027 2214 1236 2269 templum
1279 2218 1508 2259 vetustate
1554 2214 1793 2269 collapsum

209 2285 464 2329 restituisse
494 2286 739 2340 praedieat;
778 2298 922 2340 neque
953 2287 1010 2330 ad
1041 2285 1174 2330 alium
1204 2286 1400 2340 pertinet
1430 2285 1589 2330 titulus
1619 2290 1666 2330 et
1697 2286 1792 2340 ipse

209 2355 260 2400 in
290 2356 461 2400 Moesia
491 2354 749 2412 repertusst)
790 2369 875 2411 quo
906 2356 1016 2400 illud
1045 2361 1369 2400 monumentum
1399 2357 1457 2400 M.
1488 2357 1671 2401 Aurelio
1701 2361 1791 2401 ter-

210 2427 324 2472 tium
355 2427 532 2472 consule
564 2427 696 2484 (anno
730 2427 835 2484 161)
873 2440 901 2471 a
931 2427 1120 2472 Servilio
1151 2427 1300 2482 legato
1331 2428 1524 2483 Augusti
1554 2440 1633 2483 pro
1663 2441 1790 2483 prae-

210 2502 311 2542 tore
340 2499 531 2553 positum
563 2511 659 2543 esse
691 2500 884 2543 docetur.
946 2498 1106 2542 Consul
1142 2498 1352 2543 suffectus
1382 2499 1470 2543 fuit
1501 2511 1614 2543 anno
1648 2501 1744 2543 158.
1754 2498 1791 2556 ⁴)

356 2570 516 2624 Itaque
548 2566 783 2614 Servilium
825 2570 943 2614 cirea
983 2583 1020 2614 a.
1055 2571 1139 2614 145
1187 2570 1461 2615 aedilitatem
1492 2571 1685 2615 curulem
1716 2573 1791 2615 ob·

210 2641 400 2686 tinuisse
430 2642 669 2686 verisimile
705 2646 785 2686 est.
1771 2657 1774 2663 ·

359 2759 396 2804 ι)
420 2753 633 2805 uuquam
657 2759 677 2795 1
702 2759 784 2796 376.

355 2818 395 2864 2)
419 2819 499 2855 cm
523 2819 583 2855 m
608 2818 735 2855 12385.

355 2878 395 2923 a)
420 2877 499 2914 CIL
523 2878 582 2914 111
609 2878 736 2915 12514.

354 2937 395 2982 4)
420 2937 581 2974 cmm
605 2937 752 2983 p.1989
777 2938 1000 2975 unxvn.
1079 2972 1082 2974 ,
