1936 3216
3 538 14 550 ἱ
11 469 17 478 -,
0 451 5 454 ’
0 434 3 435 ’
1 270 21 413 ἰι-ἃιᾶῄ
7 216 18 232 1*
0 20 2 43 *⁷⁴

32 567 33 574 ⁴
36 246 54 387 ›uach-4,
42 171 53 210 ἑ,
44 46 59 133 ‘ustus
39 0 41 4 ·

829 187 1091 227 -5-

179 312 386 356 memoria
431 313 691 357 mentionem
738 313 886 356 facere
932 326 1012 368 pro
1059 320 1180 358 certo
1228 315 1436 358 habemus
1473 340 1531 347 —
1563 317 1745 371 praebet

180 383 354 427 Cassius
383 384 468 427 Dio
499 385 710 438 LXXIX,
743 386 811 438 22,
844 386 870 427 2
908 385 983 436 (ad
1015 398 1172 429 annum
1206 388 1329 434 217):
1367 384 1577 439 Δομίτιός
1605 390 1657 429 τέ
1682 401 1748 434 τις

181 454 356 511 Φλῶρος
395 456 647 514 περιδρομῇ
681 457 932 512 θεραπείας
961 453 1071 512 πρὸς
1100 458 1416 511 σπουδαρχίαν,
1465 460 1609 500 καίτοι
1641 456 1748 513 πρό·

177 523 306 582 τερόν
350 540 463 569 ποτε
507 524 563 569 τὰ
609 529 684 584 τῆς
726 528 881 584 βουλῆς
926 524 1226 585 ὖπομνήμαια
1258 526 1328 572 διὰ
1360 528 1503 585 χειρὸς
1534 527 1644 583 ἔχων
1675 531 1745 572 καὶ

177 591 450 654 ἀγορανόμος
480 596 553 641 ἐπ’
583 595 729 648 αὐτοῖς
758 593 1089 656 ἀποδειχθῆναι
1120 596 1324 657 ὀφείλων,
1358 595 1454 644 εἶτα
1484 602 1592 657 πρὶν
1622 599 1746 657 ἄρξαι

177 669 251 726 τῆς
281 666 457 718 ἐλπίδος
477 666 547 713 διὰ
570 667 855 715 Πλαυτιανὸν
876 669 1087 724 ἐκπεσὼν,
1117 670 1408 730 κατεστήσατο
1431 674 1503 716 καὶ
1526 671 1748 729 δήμαρχος

177 736 438 798 ἀπεδείχθη.

321 824 414 880 Quo
447 837 542 868 cum
573 825 725 869 ultimo
757 831 983 870 auctorum
1015 828 1265 871 testimonio
1297 829 1571 871 conferamus
1602 829 1745 871 novis-

177 895 317 948 simos,
359 896 432 949 qui
464 896 737 941 aedilitatem
769 897 989 951 exhibent,
1031 898 1186 942 titulos
1223 904 1496 985 quaerentes
1538 900 1607 942 cui
1639 907 1745 942 teun-

177 966 272 1021 pori
303 967 580 1010 adscribendi
610 967 711 1011 sint.

318 1051 384 1092 Ac
429 1050 613 1104 primum
659 1051 831 1104 quidem
878 1053 1005 1095 annis
1050 1054 1146 1096 fere
1186 1055 1422 1097 200—220
1463 1061 1585 1097 certo
1616 1054 1745 1097 attri-

177 1121 368 1164 buuntur
413 1121 456 1164 C.
488 1122 670 1166 Porcius
699 1123 878 1167 Priscus
909 1124 1133 1179 Longinus
1170 1126 1251 1179 (ur.
1274 1126 1350 1179 88)
1397 1126 1553 1168 aedilis
1583 1125 1746 1168 curulis

177 1195 223 1235 et
253 1191 303 1248 Q.
324 1192 572 1236 Herennius
598 1193 763 1238 Silvius
788 1195 1005 1239 Maximus
1036 1196 1118 1251 (nr.
1140 1197 1217 1252 47)
1249 1197 1406 1240 aedilis
1437 1197 1578 1251 plebis
1599 1198 1745 1240 Ceria-

175 1263 240 1307 lis.
302 1264 471 1307 Deinde
519 1265 567 1309 L.
598 1265 756 1309 Iulium
787 1267 1028 1321 Apronium
1073 1268 1293 1312 Maenium
1334 1269 1460 1312 Pium
1501 1268 1744 1312 Salamalli·

176 1347 304 1378 anum
336 1335 417 1390 (nr.
441 1336 516 1391 89)
548 1337 668 1381 intra
699 1349 835 1381 annos
866 1338 960 1382 fere
987 1340 1223 1383 220-230
1246 1340 1520 1384 aedilitatem
1542 1340 1744 1392 curulem,

174 1404 219 1449 C.
242 1406 462 1450 Luxilium
493 1407 701 1452 Sabinum
721 1408 961 1464 Egnatium
982 1410 1214 1455 Proculum
1245 1411 1327 1466 (nr.
1350 1412 1426 1466 49)
1459 1412 1577 1455 circa
1598 1424 1635 1455 a.
1658 1413 1744 1454 225

175 1477 448 1522 aedilitatem
474 1479 688 1524 Cerialem
718 1481 907 1535 gessisse
939 1482 1015 1526 vix
1047 1482 1275 1537 quisqnam
1306 1483 1499 1538 negabit.
1545 1483 1745 1537 Denique

175 1549 279 1604 quin
310 1550 366 1593 M.
389 1551 607 1595 Antonius
627 1552 855 1597 Memmius
875 1553 1012 1598 Hiero
1033 1553 1116 1609 (nr.
1138 1554 1215 1610 90)
1247 1554 1403 1598 aedilis
1425 1554 1588 1598 curulis
1610 1554 1744 1598 fuerit

174 1621 292 1665 inter
322 1634 458 1665 annos
490 1624 724 1667 225—235
756 1624 951 1668 dubitari
981 1625 1146 1679 nequit,
1192 1626 1405 1680 siquidem
1437 1626 1486 1679 is
1530 1627 1587 1670 ad
1618 1639 1744 1680 quem

174 1693 369 1748 pertinet
412 1693 569 1737 titulus
599 1693 795 1739 Graecus
825 1695 932 1740 IGR
963 1697 1033 1741 ΙΠ
1066 1698 1164 1751 238,
1210 1710 1296 1741 ιιοιι
1343 1698 1456 1741 alius
1502 1702 1571 1741 est
1611 1703 1744 1752 atque

175 1764 231 1808 M.
263 1764 482 1809 Antonius
512 1766 750 1820 Memmius,
790 1767 965 1822 legatus
996 1770 1188 1824 Augusti
1227 1782 1307 1824 pro
1338 1777 1544 1825 praetore
1575 1769 1743 1825 Cappa·

174 1835 326 1879 dociae
355 1836 573 1892 Philippis
603 1837 953 1893 imperatoribus,
1014 1841 1166 1895 Neque
1206 1854 1312 1885 vero
1350 1842 1531 1896 perinde
1562 1842 1743 1885 definire

174 1905 290 1961 licet,
337 1907 493 1961 quibus
533 1909 659 1953 annis
690 1909 952 1955 Censorinus
983 1912 1064 1967 (nr.
1089 1913 1192 1969 121)
1225 1917 1270 1956 et
1302 1913 1389 1967 ille,
1436 1913 1558 1956 cuins
1589 1925 1743 1957 nomen

79 2004 88 2012 -
175 1977 247 2022 vel
290 1991 526 2033 cognomen
557 1993 584 2024 a
614 1981 757 2025 literis
787 1984 879 2028 Am
910 2018 918 2026 .
951 2018 960 2028 .
992 2018 1001 2027 .
1033 1984 1190 2039 incipit
1232 1985 1314 2040 (nr.
1336 1986 1424 2041 23),
1470 1985 1742 2028 aedilitatem

174 2050 403 2104 gesserint.
464 2051 726 2097 Censorinus
758 2054 882 2108 enim,
915 2068 1041 2109 quem
1070 2056 1185 2100 hunc
1209 2057 1527 2111 magistratum,
1560 2057 1742 2100 simodo

175 2121 323 2176 gessit,
355 2122 475 2167 intra
506 2136 642 2168 annos
673 2126 760 2168 230
793 2130 839 2169 et
870 2128 956 2170 240
989 2128 1278 2182 capessivisse
1310 2129 1565 2172 ratiocinati
1587 2140 1742 2180 sumus

175 2205 275 2237 num
306 2194 462 2238 aedilis
493 2194 640 2250 fuerit,
683 2196 814 2251 plane
844 2197 1059 2242 incertum
1091 2203 1170 2253 est,
1218 2203 1264 2244 et
1294 2200 1437 2254 ignoti
1467 2199 1586 2243 illius
1618 2204 1743 2243 aetas

175 2263 453 2319 imperatoris
498 2267 721 2311 cuiusdam
767 2269 938 2313 nomIne
976 2282 1102 2313 eraso
1134 2270 1351 2324 definitur,
1398 2271 1521 2315 cuins
1551 2271 1743 2325 vestigia

175 2336 440 2390 perobscura
478 2338 516 2381 si
557 2338 600 2382 C.
626 2339 784 2383 Iulium
816 2341 979 2384 Verum
1018 2342 1302 2385 Maximinum
1343 2343 1550 2396 indicant,
1591 2343 1742 2386 aedili·

176 2406 285 2450 tatis
306 2420 464 2452 annum
484 2409 578 2454 fere
595 2412 693 2464 226,
715 2411 783 2455 sin
805 2416 952 2456 autem
968 2413 1011 2456 C.
1027 2413 1203 2457 Vibium
1218 2414 1540 2458 Trebonianum
1557 2414 1742 2465 Gallum,

177 2479 291 2531 quod
329 2480 454 2523 nobis
485 2481 657 2535 quidem
689 2495 713 2526 e
744 2483 943 2537 reliquiis
973 2484 1224 2529 litterarum
1255 2486 1537 2529 verisimilius
1567 2486 1744 2529 videtur

177 2562 283 2604 esse,
314 2551 574 2607 significant,
607 2566 764 2598 annum
796 2557 1011 2609 quendam
1042 2557 1160 2600 circa
1191 2570 1228 2601 a.
1261 2559 1347 2601 240
1380 2558 1673 2612 comprobant.

319 2622 442 2678 Quae
482 2636 576 2668 cum
618 2626 685 2669 ita
715 2627 815 2681 sint,
862 2628 973 2671 satis
1003 2629 1213 2672 habemus
1244 2633 1442 2673 statuere
1474 2630 1742 2684 temporibus

176 2692 418 2737 Alexandri
448 2695 602 2740 Severi
633 2696 907 2755 (222—235)
946 2704 1145 2744 extrema
1175 2706 1300 2744 certa
1330 2701 1575 2744 aedilitatis
1606 2702 1741 2744 vesti-

177 2764 252 2818 gia
282 2777 506 2821 apparere,
538 2769 624 2812 etsi
653 2782 740 2813 non
771 2771 940 2826 desunt,
987 2785 1099 2826 quae
1130 2773 1188 2816 ad
1217 2776 1416 2827 tempora
1447 2773 1581 2816 etiam
1612 2773 1741 2827 paulo

175 2837 422 2889 posteriora
450 2839 608 2884 referri
636 2842 816 2895 possint
