2046 3242
261 1168 326 1211 19.

962 202 1254 248 -18-

472 334 610 378 Multo
643 339 787 378 autem
820 334 967 389 aptius
997 335 1158 378 ceteris
1179 347 1233 379 ex
1255 334 1500 388 bonoribus,
1533 334 1605 388 qui
1639 346 1890 378 enumeran-

327 411 411 460 tur,
449 406 624 449 titulum
656 405 874 460 prioribus
906 406 1174 460 temporibus
1196 406 1385 449 adscribi
1407 405 1495 449 rati
1517 405 1793 449 Brundisium
1825 418 1890 447 se·

328 478 418 521 cuti
451 490 596 519 sumus
628 481 674 520 et
705 477 1030 531 inscriptionem
1068 478 1124 521 ad
1155 482 1346 522 aetatem
1378 476 1564 521 fratrum
1596 478 1891 531 Augustorum

328 548 588 602 rettulimus,
619 548 879 603 praesertim
911 561 1006 592 cum
1038 548 1247 603 exemplis
1279 548 1559 603 comprobare
1581 547 1725 601 liceat,
1758 547 1892 591 verbo

328 621 618 678 Augustorum
651 620 893 674 perscripto
924 620 1085 674 passim
1107 620 1163 664 M„
1186 619 1412 664 Aurelium
1434 624 1480 663 et
1501 619 1550 663 L.
1572 619 1733 662 Verum
1759 619 1892 674 signi·

327 690 460 734 ficari.
471 689 504 747 1)

472 762 543 805 Ita
575 762 760 816 ignotus,
793 762 896 816 quia
927 763 1044 806 inter
1074 775 1209 806 annos
1243 763 1323 805 161
1359 766 1405 806 et
1439 763 1522 805 172
1548 761 1723 817 legatus
1744 764 1893 816 Augu·

328 837 493 876 storum
525 832 621 886 fuit,
664 833 780 877 inter
816 846 952 877 annos
983 833 1077 877 fere
1111 835 1194 876 150
1217 840 1263 877 et
1287 834 1371 876 160
1402 833 1674 877 aedilitatem
1705 833 1894 887 gessisse

329 904 514 948 videtur.

470 974 684 1032 Perrot,')
732 988 857 1029 quem
904 980 1080 1020 secutus
1127 979 1196 1019 est
1232 973 1526 1032 Liebenam,¹)
1572 975 1686 1019 hunc
1717 974 1894 1019 titulum

329 1047 536 1090 attribuit
568 1047 835 1101 temporibus
866 1045 1176 1103 Caracallae.‘)

785 1164 840 1209 L.
872 1165 1103 1209 Albinius
1135 1165 1441 1209 Saturninus.
1895 1168 2046 1214 pontu

471 1249 670 1292 Honores
715 1250 995 1303 reperiuntur
1039 1250 1084 1292 in
1124 1249 1256 1293 titulo
1287 1249 1474 1293 Suessae
1517 1254 1692 1303 reperto
1724 1248 1820 1292 CIL
1851 1247 1895 1292 X

329 1321 456 1363 4750.
509 1320 614 1363 Fuit
645 1325 853 1374 quaestor
882 1321 1085 1374 urbanus,
1118 1320 1273 1364 aedilis
1303 1320 1455 1375 plebis,
1487 1324 1668 1375 praetor
1691 1320 1894 1373 urbanae,

328 1391 502 1446 legatus
548 1392 738 1446 Augusti
784 1392 993 1436 Asturiae
1040 1396 1086 1436 et
1132 1391 1388 1446 Callaeciae,
1434 1391 1687 1446 praefectus
1733 1391 1895 1435 aerarii

329 1462 519 1516 Saturni,
566 1463 796 1516 proconsul
841 1463 1094 1517 provinciae
1129 1463 1331 1518 Achaiae,
1376 1462 1552 1518 legatus
1582 1463 1773 1518 Augusti
1815 1475 1894 1517 pro

328 1537 532 1587 praetore
563 1534 694 1577 Ponti
727 1538 771 1577 et
802 1534 1041 1589 Bithyniae
1078 1534 1341 1588 provinciae,
1381 1534 1611 1588 proconsul
1642 1534 1895 1588 provinciae

328 1605 472 1659 Asiae,
507 1605 666 1659 consul,
699 1605 861 1649 sodalis
892 1606 1226 1649 Antoninianus.

470 1676 575 1719 Cum
607 1677 819 1720 sodalitas
850 1677 1148 1720 Antoniniana
1179 1689 1291 1720 anno
1316 1678 1397 1720 161
1421 1677 1630 1721 instituta
1650 1677 1720 1731 sit,
1729 1675 1765 1733 ⁸)
1795 1680 1896 1731 post

328 1748 410 1790 hoc
440 1751 611 1802 tempus
643 1748 870 1802 inscriptio
902 1752 1088 1792 exarata
1119 1752 1198 1792 est.
1243 1748 1396 1802 Neque
1427 1748 1598 1792 omnino
1622 1748 1897 1803 neglegenda

328 1823 430 1862 sunt
477 1832 588 1872 quae
635 1820 822 1863 coniecit
865 1817 1137 1876 Muratori,⁶)
1185 1819 1259 1873 qui
1303 1818 1630 1876 Saturninum⁷)
1677 1819 1896 1863 consulem

329 1903 440 1933 anno
474 1892 560 1933 264
605 1891 812 1934 attribuit
844 1895 890 1935 et
921 1892 977 1935 ad
1009 1892 1191 1935 eundem
1222 1891 1380 1934 referri
1411 1903 1539 1945 posse
1570 1891 1683 1934 hanc
1713 1890 1895 1945 inscrip-

329 1962 490 2004 tionem
524 1963 764 2006 adnotavit.
812 1963 899 2006 Sed
930 1966 975 2006 et
1007 1975 1243 2018 cognomen
1265 1963 1492 2007 Saturnini
1513 1963 1710 2006 omnibus
1730 1967 1895 2017 tempo-

329 2033 450 2075 ribus
481 2034 691 2076 usitatum
722 2033 808 2077 fuit
840 2038 886 2077 et
915 2033 1004 2077 inis
1026 2034 1162 2088 annis,
1195 2034 1269 2087 qui
1291 2034 1512 2078 aedilitati
1533 2046 1588 2077 ex
1610 2046 1722 2077 anno
1744 2045 1896 2077 consu-

328 2103 446 2147 latus
484 2105 758 2159 conveniunt,
805 2105 1079 2149 aedilitatem
1109 2105 1197 2148 iam
1228 2118 1252 2149 e
1284 2118 1414 2148 cursu
1445 2106 1655 2148 honorum
1685 2109 1897 2149 remotam

329 2174 466 2218 fuisse
496 2188 575 2229 pro
607 2176 836 2219 verisimili
866 2174 1112 2232 habetur.⁸)

475 2270 511 2314 1)
537 2270 614 2305 CIL
639 2270 697 2304 ΠΙ
724 2270 826 2305 1517.
853 2270 946 2305 vm
970 2270 1051 2305 965.
1077 2270 1182 2305 8303.

473 2329 510 2373 2)
536 2329 771 2373 Exploration
807 2329 1083 2374 archeologique
1120 2329 1164 2364 de
1194 2329 1231 2364 la
1256 2329 1400 2365 Galatie
1425 2333 1462 2365 et
1487 2329 1532 2364 de
1555 2330 1592 2365 la
1615 2329 1789 2374 Bithynie
1815 2358 1823 2365 .
1851 2358 1860 2366 .
1887 2358 1895 2366 .

330 2399 395 2433 par
421 2388 463 2423 G.
482 2389 620 2434 Perrot,
646 2389 689 2424 E.
707 2388 914 2424 Guillaume
939 2392 976 2424 et
1000 2388 1036 2424 J.
1052 2388 1194 2424 Delbet.
1219 2388 1249 2434 Ι,
1275 2388 1380 2423 Paris
1407 2388 1499 2424 1872
1523 2400 1559 2434 p.
1576 2389 1658 2424 228.

473 2447 510 2492 3)
536 2448 681 2483 Forsch.
706 2458 741 2492 p.
761 2448 840 2483 131.

472 2508 510 2551 4)
536 2507 591 2542 De
615 2507 763 2543 Galatia
786 2506 973 2552 provincia
995 2507 1170 2542 Romana.
1208 2506 1355 2542 Thesim
1371 2507 1594 2552 proponebat
1609 2508 1780 2544 facultati
1797 2508 1896 2544 litte-

330 2577 452 2601 rarum
477 2566 669 2611 parisiensi
695 2567 737 2603 G.
755 2567 894 2602 Perrot.
943 2566 1048 2602 Paris
1075 2566 1165 2601 1867
1190 2577 1226 2611 p.
1246 2567 1325 2602 134.

474 2626 510 2671 5)
535 2619 746 2670 Marquardt
770 2626 829 2662 ΙΠ
851 2626 934 2662 472.

473 2686 511 2730 6)
537 2685 751 2721 Geschichte
774 2696 845 2721 von
867 2685 1001 2721 Italian
1027 2714 1036 2721 .
1063 2714 1071 2720 .
1099 2713 1107 2721 .
1133 2695 1199 2721 aus
1224 2685 1305 2720 dem
1321 2685 1603 2722 Italiaeniscben
1627 2686 1814 2723 ubersetzt
1831 2714 1840 2722 .
1859 2715 1867 2722 .
1886 2715 1895 2722 .

330 2755 400 2779 von
427 2744 508 2780 Chr.
527 2744 569 2780 G.
587 2745 728 2780 Jocher.
755 2745 860 2780 Tbeil
875 2745 925 2780 Π.
949 2744 1104 2790 Leipzig
1131 2745 1222 2780 1745
1246 2756 1282 2789 p.
1298 2745 1378 2781 127.

474 2805 511 2848 7)
537 2804 612 2839 Vit.
639 2804 794 2840 Gallien.
820 2804 922 2840 duor.
949 2804 1005 2849 10,
1033 2805 1065 2839 1.

473 2862 510 2910 8)
537 2863 645 2898 Klein
670 2863 696 2898 f.
722 2874 751 2898 o.
777 2875 811 2911 p.
832 2863 900 2900 109
925 2875 960 2900 n.
978 2863 1012 2900 2.
