<?xml version="1.0" encoding="UTF-8"?>
<!DOCTYPE html PUBLIC "-//W3C//DTD XHTML 1.0 Transitional//EN"
    "http://www.w3.org/TR/xhtml1/DTD/xhtml1-transitional.dtd">
<html xmlns="http://www.w3.org/1999/xhtml" xml:lang="en" lang="en">
 <head>
  <title>
</title>
<meta http-equiv="Content-Type" content="text/html;charset=utf-8" />
  <meta name='ocr-system' content='tesseract 3.04.00' />
  <meta name='ocr-capabilities' content='ocr_page ocr_carea ocr_par ocr_line ocrx_word'/>
</head>
<body>
  <div class='ocr_page' id='page_1' title='image "./fastiaediliciiin00heil_0012.png"; bbox 0 0 1936 3216; ppageno 0'>
   <div class='ocr_carea' id='block_1_1' title="bbox 893 229 1158 270">
    <p class='ocr_par' dir='ltr' id='par_1_1' title="bbox 893 229 1158 270">
     <span class='ocr_line' id='line_1_1' title="bbox 893 229 1158 270; baseline 0 -11"><span class='ocrx_word' id='word_1_1' title='bbox 893 229 1158 270; x_wconf 71' lang='lat'><strong>-4-</strong></span> 
     </span>
    </p>
   </div>
   <div class='ocr_carea' id='block_1_2' title="bbox 242 356 1813 1408">
    <p class='ocr_par' dir='ltr' id='par_1_2' title="bbox 242 356 1812 766">
     <span class='ocr_line' id='line_1_2' title="bbox 243 356 1809 412; baseline 0.001 -12"><span class='ocrx_word' id='word_1_2' title='bbox 243 356 512 401; x_wconf 85' lang='lat' dir='ltr'><strong>tribunatum</strong></span> <span class='ocrx_word' id='word_1_3' title='bbox 544 358 782 401; x_wconf 83' lang='lat' dir='ltr'>exhibeant</span> <span class='ocrx_word' id='word_1_4' title='bbox 813 362 858 401; x_wconf 91' lang='lat' dir='ltr'><strong>et</strong></span> <span class='ocrx_word' id='word_1_5' title='bbox 890 357 1084 401; x_wconf 85' lang='lat' dir='ltr'><strong>homines</strong></span> <span class='ocrx_word' id='word_1_6' title='bbox 1115 371 1139 401; x_wconf 93' lang='lat' dir='ltr'><strong>e</strong></span> <span class='ocrx_word' id='word_1_7' title='bbox 1163 358 1364 412; x_wconf 89' lang='lat' dir='ltr'><strong>patribus</strong></span> <span class='ocrx_word' id='word_1_8' title='bbox 1384 362 1505 401; x_wconf 88' lang='lat' dir='ltr'><strong>ortos</strong></span> <span class='ocrx_word' id='word_1_9' title='bbox 1526 370 1550 401; x_wconf 90' lang='lat' dir='ltr'><strong>e</strong></span> <span class='ocrx_word' id='word_1_10' title='bbox 1572 362 1809 411; x_wconf 83' lang='lat' dir='ltr'><strong>quaestura</strong></span> 
     </span>
     <span class='ocr_line' id='line_1_3' title="bbox 242 427 1808 483; baseline 0.001 -13"><span class='ocrx_word' id='word_1_11' title='bbox 242 427 360 471; x_wconf 91' lang='lat' dir='ltr'><strong>nullo</strong></span> <span class='ocrx_word' id='word_1_12' title='bbox 402 429 488 471; x_wconf 91' lang='lat' dir='ltr'><strong>alio</strong></span> <span class='ocrx_word' id='word_1_13' title='bbox 530 429 792 482; x_wconf 82' lang='lat' dir='ltr'><strong>magistratu</strong></span> <span class='ocrx_word' id='word_1_14' title='bbox 833 429 1132 472; x_wconf 77' lang='lat' dir='ltr'><strong>intercedente</strong></span> <span class='ocrx_word' id='word_1_15' title='bbox 1176 430 1231 473; x_wconf 90' lang='lat' dir='ltr'><strong>ad</strong></span> <span class='ocrx_word' id='word_1_16' title='bbox 1262 433 1513 483; x_wconf 91' lang='lat' dir='ltr'><strong>praeturam</strong></span> <span class='ocrx_word' id='word_1_17' title='bbox 1545 428 1808 483; x_wconf 72' lang='lat' dir='ltr'><strong>processisse</strong></span> 
     </span>
     <span class='ocr_line' id='line_1_4' title="bbox 243 499 1808 554; baseline 0.001 -13"><span class='ocrx_word' id='word_1_18' title='bbox 243 499 552 542; x_wconf 76' lang='lat' dir='ltr'><strong>demonstrent,</strong></span> <span class='ocrx_word' id='word_1_19' title='bbox 614 500 766 552; x_wconf 86' lang='lat' dir='ltr'><strong>Neque</strong></span> <span class='ocrx_word' id='word_1_20' title='bbox 803 512 827 542; x_wconf 92' lang='lat' dir='ltr'><strong>e</strong></span> <span class='ocrx_word' id='word_1_21' title='bbox 865 511 1041 543; x_wconf 90' lang='lat' dir='ltr'><strong>numero</strong></span> <span class='ocrx_word' id='word_1_22' title='bbox 1074 500 1245 543; x_wconf 89' lang='lat' dir='ltr'><strong>illarum</strong></span> <span class='ocrx_word' id='word_1_23' title='bbox 1278 500 1491 554; x_wconf 84' lang='lat' dir='ltr'><strong>stirpium,</strong></span> <span class='ocrx_word' id='word_1_24' title='bbox 1532 512 1640 553; x_wconf 89' lang='lat' dir='ltr'><strong>quas</strong></span> <span class='ocrx_word' id='word_1_25' title='bbox 1671 499 1808 554; x_wconf 88' lang='lat' dir='ltr'><strong>patri·</strong></span> 
     </span>
     <span class='ocr_line' id='line_1_5' title="bbox 244 570 1808 625; baseline 0.001 -13"><span class='ocrx_word' id='word_1_26' title='bbox 244 570 334 612; x_wconf 85' lang='lat' dir='ltr'><strong>cias</strong></span> <span class='ocrx_word' id='word_1_27' title='bbox 379 570 514 612; x_wconf 75' lang='lat' dir='ltr'><strong>fuisse</strong></span> <span class='ocrx_word' id='word_1_28' title='bbox 555 570 741 613; x_wconf 84' lang='lat' dir='ltr'><strong>saeculis</strong></span> <span class='ocrx_word' id='word_1_29' title='bbox 782 570 815 613; x_wconf 94' lang='grc' dir='ltr'><strong>Ι.</strong></span> <span class='ocrx_word' id='word_1_30' title='bbox 847 570 904 613; x_wconf 94' lang='lat' dir='ltr'><strong>II.</strong></span> <span class='ocrx_word' id='word_1_31' title='bbox 936 570 1018 614; x_wconf 91' lang='lat' dir='ltr'><strong>III.</strong></span> <span class='ocrx_word' id='word_1_32' title='bbox 1050 570 1220 625; x_wconf 91' lang='lat' dir='ltr'><strong>imperii</strong></span> <span class='ocrx_word' id='word_1_33' title='bbox 1264 571 1447 614; x_wconf 90' lang='lat' dir='ltr'><strong>Romani</strong></span> <span class='ocrx_word' id='word_1_34' title='bbox 1491 571 1808 615; x_wconf 83' lang='lat' dir='ltr'><strong>demonstravit</strong></span> 
     </span>
     <span class='ocr_line' id='line_1_6' title="bbox 244 639 1812 696; baseline 0.001 -13"><span class='ocrx_word' id='word_1_35' title='bbox 244 640 424 684; x_wconf 82' lang='lat' dir='ltr'><strong>Carolus</strong></span> <span class='ocrx_word' id='word_1_36' title='bbox 455 639 702 696; x_wconf 84' lang='lat' dir='ltr'><strong>Heiter‚¹)</strong></span> <span class='ocrx_word' id='word_1_37' title='bbox 742 653 830 685; x_wconf 92' lang='lat' dir='ltr'><strong>una</strong></span> <span class='ocrx_word' id='word_1_38' title='bbox 868 641 1057 685; x_wconf 85' lang='lat' dir='ltr'><strong>inveniri</strong></span> <span class='ocrx_word' id='word_1_39' title='bbox 1088 642 1244 696; x_wconf 81' lang='lat' dir='ltr'><strong>potuit,</strong></span> <span class='ocrx_word' id='word_1_40' title='bbox 1285 642 1353 685; x_wconf 88' lang='lat' dir='ltr'><strong>cui</strong></span> <span class='ocrx_word' id='word_1_41' title='bbox 1385 647 1506 685; x_wconf 90' lang='lat' dir='ltr'><strong>certo</strong></span> <span class='ocrx_word' id='word_1_42' title='bbox 1538 642 1812 686; x_wconf 78' lang='lat' dir='ltr'><strong>attribuatur</strong></span> 
     </span>
     <span class='ocr_line' id='line_1_7' title="bbox 244 710 684 766; baseline 0.002 -12"><span class='ocrx_word' id='word_1_43' title='bbox 244 711 369 754; x_wconf 86' lang='lat' dir='ltr'><strong>homo</strong></span> <span class='ocrx_word' id='word_1_44' title='bbox 401 710 684 766; x_wconf 80' lang='lat' dir='ltr'><strong>aedilicius.¹)</strong></span> 
     </span>
    </p>

    <p class='ocr_par' dir='ltr' id='par_1_3' title="bbox 244 783 1812 1124">
     <span class='ocr_line' id='line_1_8' title="bbox 387 783 1810 838; baseline 0.001 -12"><span class='ocrx_word' id='word_1_45' title='bbox 387 783 478 826; x_wconf 91' lang='lat' dir='ltr'><strong>Iam</strong></span> <span class='ocrx_word' id='word_1_46' title='bbox 510 783 679 827; x_wconf 89' lang='lat' dir='ltr'><strong>omissis</strong></span> <span class='ocrx_word' id='word_1_47' title='bbox 705 783 901 827; x_wconf 92' lang='lat' dir='ltr'><strong>omnibus</strong></span> <span class='ocrx_word' id='word_1_48' title='bbox 923 783 1261 837; x_wconf 85' lang='lat' dir='ltr'><strong>quaestionibus,</strong></span> <span class='ocrx_word' id='word_1_49' title='bbox 1293 785 1503 838; x_wconf 91' lang='lat' dir='ltr'><strong>quomodo</strong></span> <span class='ocrx_word' id='word_1_50' title='bbox 1525 784 1672 827; x_wconf 77' lang='lat' dir='ltr'><strong>officia</strong></span> <span class='ocrx_word' id='word_1_51' title='bbox 1692 784 1810 828; x_wconf 90' lang='lat' dir='ltr'><strong>aedi·</strong></span> 
     </span>
     <span class='ocr_line' id='line_1_9' title="bbox 244 854 1812 909; baseline 0.002 -13"><span class='ocrx_word' id='word_1_52' title='bbox 244 854 347 897; x_wconf 91' lang='lat' dir='ltr'><strong>lium</strong></span> <span class='ocrx_word' id='word_1_53' title='bbox 388 867 467 908; x_wconf 89' lang='lat' dir='ltr'><strong>per</strong></span> <span class='ocrx_word' id='word_1_54' title='bbox 507 855 688 909; x_wconf 92' lang='lat' dir='ltr'><strong>primum</strong></span> <span class='ocrx_word' id='word_1_55' title='bbox 730 859 864 908; x_wconf 90' lang='lat' dir='ltr'><strong>atque</strong></span> <span class='ocrx_word' id='word_1_56' title='bbox 901 854 1088 898; x_wconf 85' lang='lat' dir='ltr'><strong>alterum</strong></span> <span class='ocrx_word' id='word_1_57' title='bbox 1119 867 1158 909; x_wconf 89' lang='lat' dir='ltr'><strong>p.</strong></span> <span class='ocrx_word' id='word_1_58' title='bbox 1191 854 1288 898; x_wconf 88' lang='lat' dir='ltr'><strong>Chr.</strong></span> <span class='ocrx_word' id='word_1_59' title='bbox 1320 867 1359 898; x_wconf 92' lang='lat' dir='ltr'><strong>n.</strong></span> <span class='ocrx_word' id='word_1_60' title='bbox 1391 854 1610 899; x_wconf 89' lang='lat' dir='ltr'><strong>saeculum</strong></span> <span class='ocrx_word' id='word_1_61' title='bbox 1640 860 1812 899; x_wconf 78' lang='lat' dir='ltr'><strong>mutata</strong></span> 
     </span>
     <span class='ocr_line' id='line_1_10' title="bbox 245 925 1812 980; baseline 0.001 -12"><span class='ocrx_word' id='word_1_62' title='bbox 245 925 314 968; x_wconf 92' lang='lat' dir='ltr'><strong>vel</strong></span> <span class='ocrx_word' id='word_1_63' title='bbox 348 926 403 968; x_wconf 88' lang='lat' dir='ltr'><strong>ad</strong></span> <span class='ocrx_word' id='word_1_64' title='bbox 435 926 545 969; x_wconf 86' lang='lat' dir='ltr'><strong>alios</strong></span> <span class='ocrx_word' id='word_1_65' title='bbox 572 926 860 980; x_wconf 80' lang='lat' dir='ltr'><strong>magistratus</strong></span> <span class='ocrx_word' id='word_1_66' title='bbox 881 926 1032 970; x_wconf 84' lang='lat' dir='ltr'><strong>delata</strong></span> <span class='ocrx_word' id='word_1_67' title='bbox 1052 926 1153 979; x_wconf 83' lang='lat' dir='ltr'><strong>sint,</strong></span> <span class='ocrx_word' id='word_1_68' title='bbox 1185 938 1365 980; x_wconf 90' lang='lat' dir='ltr'><strong>quarum</strong></span> <span class='ocrx_word' id='word_1_69' title='bbox 1388 938 1531 970; x_wconf 90' lang='lat' dir='ltr'><strong>rerum</strong></span> <span class='ocrx_word' id='word_1_70' title='bbox 1553 930 1812 980; x_wconf 83' lang='lat' dir='ltr'><strong>argumenta</strong></span> 
     </span>
     <span class='ocr_line' id='line_1_11' title="bbox 244 996 1811 1053; baseline 0.001 -14"><span class='ocrx_word' id='word_1_71' title='bbox 244 997 354 1040; x_wconf 86' lang='lat' dir='ltr'><strong>satis</strong></span> <span class='ocrx_word' id='word_1_72' title='bbox 402 997 737 1041; x_wconf 88' lang='lat' dir='ltr'><strong>illustraverunt</strong></span> <span class='ocrx_word' id='word_1_73' title='bbox 780 1010 875 1041; x_wconf 91' lang='lat' dir='ltr'><strong>cum</strong></span> <span class='ocrx_word' id='word_1_74' title='bbox 916 997 1033 1041; x_wconf 87' lang='lat' dir='ltr'><strong>Frid.</strong></span> <span class='ocrx_word' id='word_1_75' title='bbox 1066 997 1325 1041; x_wconf 88' lang='lat' dir='ltr'><strong>Guilielmus</strong></span> <span class='ocrx_word' id='word_1_76' title='bbox 1356 996 1679 1053; x_wconf 73' lang='lat' dir='ltr'><strong>Sclrubert‘)</strong></span> <span class='ocrx_word' id='word_1_77' title='bbox 1719 1001 1811 1042; x_wconf 84' lang='lat' dir='ltr'><strong>tum</strong></span> 
     </span>
     <span class='ocr_line' id='line_1_12' title="bbox 245 1067 1812 1124; baseline 0 -13"><span class='ocrx_word' id='word_1_78' title='bbox 245 1068 495 1112; x_wconf 83' lang='lat' dir='ltr'><strong>Fridericus</strong></span> <span class='ocrx_word' id='word_1_79' title='bbox 517 1067 832 1124; x_wconf 83' lang='lat' dir='ltr'><strong>Hofmann,⁴)</strong></span> <span class='ocrx_word' id='word_1_80' title='bbox 864 1081 1005 1123; x_wconf 90' lang='lat' dir='ltr'><strong>pauca</strong></span> <span class='ocrx_word' id='word_1_81' title='bbox 1035 1068 1296 1112; x_wconf 87' lang='lat' dir='ltr'><strong>disseremus</strong></span> <span class='ocrx_word' id='word_1_82' title='bbox 1326 1070 1380 1112; x_wconf 93' lang='lat' dir='ltr'><strong>de</strong></span> <span class='ocrx_word' id='word_1_83' title='bbox 1412 1069 1534 1112; x_wconf 85' lang='lat' dir='ltr'><strong>exitu</strong></span> <span class='ocrx_word' id='word_1_84' title='bbox 1555 1068 1812 1113; x_wconf 79' lang='lat' dir='ltr'><strong>aedilitatis.</strong></span> 
     </span>
    </p>

    <p class='ocr_par' dir='ltr' id='par_1_4' title="bbox 245 1140 1813 1408">
     <span class='ocr_line' id='line_1_13' title="bbox 387 1140 1811 1193; baseline 0.001 -11"><span class='ocrx_word' id='word_1_85' title='bbox 387 1141 534 1192; x_wconf 87' lang='lat' dir='ltr'><strong>Atque</strong></span> <span class='ocrx_word' id='word_1_86' title='bbox 555 1143 797 1184; x_wconf 88' lang='lat' dir='ltr'><strong>extremum</strong></span> <span class='ocrx_word' id='word_1_87' title='bbox 818 1143 1044 1183; x_wconf 87' lang='lat' dir='ltr'><strong>auctorum</strong></span> <span class='ocrx_word' id='word_1_88' title='bbox 1066 1140 1372 1193; x_wconf 82' lang='lat' dir='ltr'><strong>testimonium,</strong></span> <span class='ocrx_word' id='word_1_89' title='bbox 1401 1140 1514 1193; x_wconf 92' lang='lat' dir='ltr'><strong>quod</strong></span> <span class='ocrx_word' id='word_1_90' title='bbox 1536 1140 1639 1193; x_wconf 92' lang='lat' dir='ltr'><strong>quin</strong></span> <span class='ocrx_word' id='word_1_91' title='bbox 1661 1152 1811 1183; x_wconf 88' lang='lat' dir='ltr'><strong>verum</strong></span> 
     </span>
     <span class='ocr_line' id='line_1_14' title="bbox 245 1211 1811 1266; baseline 0.001 -13"><span class='ocrx_word' id='word_1_92' title='bbox 245 1211 303 1254; x_wconf 85' lang='lat' dir='ltr'><strong>sit</strong></span> <span class='ocrx_word' id='word_1_93' title='bbox 335 1223 419 1254; x_wconf 91' lang='lat' dir='ltr'><strong>non</strong></span> <span class='ocrx_word' id='word_1_94' title='bbox 452 1216 519 1255; x_wconf 85' lang='lat' dir='ltr'><strong>est</strong></span> <span class='ocrx_word' id='word_1_95' title='bbox 552 1212 665 1264; x_wconf 91' lang='lat' dir='ltr'><strong>quod</strong></span> <span class='ocrx_word' id='word_1_96' title='bbox 685 1211 931 1255; x_wconf 88' lang='lat' dir='ltr'><strong>dubitemus</strong></span> <span class='ocrx_word' id='word_1_97' title='bbox 952 1236 1010 1242; x_wconf 97' lang='lat'><strong>—</strong></span> <span class='ocrx_word' id='word_1_98' title='bbox 1031 1211 1200 1254; x_wconf 84' lang='lat' dir='ltr'><strong>leviora</strong></span> <span class='ocrx_word' id='word_1_99' title='bbox 1221 1211 1335 1255; x_wconf 91' lang='lat' dir='ltr'><strong>enim</strong></span> <span class='ocrx_word' id='word_1_100' title='bbox 1356 1217 1469 1263; x_wconf 87' lang='lat' dir='ltr'><strong>sunt,</strong></span> <span class='ocrx_word' id='word_1_101' title='bbox 1502 1223 1614 1264; x_wconf 90' lang='lat' dir='ltr'><strong>quae</strong></span> <span class='ocrx_word' id='word_1_102' title='bbox 1635 1213 1690 1254; x_wconf 92' lang='lat' dir='ltr'><strong>ad</strong></span> <span class='ocrx_word' id='word_1_103' title='bbox 1713 1224 1750 1255; x_wconf 88' lang='lat' dir='ltr'><strong>a.</strong></span> <span class='ocrx_word' id='word_1_104' title='bbox 1772 1224 1811 1266; x_wconf 89' lang='lat' dir='ltr'><strong>p.</strong></span> 
     </span>
     <span class='ocr_line' id='line_1_15' title="bbox 245 1281 1813 1338; baseline 0.001 -14"><span class='ocrx_word' id='word_1_105' title='bbox 245 1282 342 1325; x_wconf 90' lang='lat' dir='ltr'><strong>Chr.</strong></span> <span class='ocrx_word' id='word_1_106' title='bbox 376 1295 414 1325; x_wconf 91' lang='lat' dir='ltr'><strong>n.</strong></span> <span class='ocrx_word' id='word_1_107' title='bbox 448 1284 532 1326; x_wconf 83' lang='grc'><strong>237</strong></span> <span class='ocrx_word' id='word_1_108' title='bbox 566 1283 845 1327; x_wconf 87' lang='lat' dir='ltr'><strong>tradiderunt</strong></span> <span class='ocrx_word' id='word_1_109' title='bbox 873 1283 1110 1337; x_wconf 85' lang='lat' dir='ltr'><strong>scriptores</strong></span> <span class='ocrx_word' id='word_1_110' title='bbox 1143 1282 1354 1326; x_wconf 82' lang='lat' dir='ltr'><strong>historiae</strong></span> <span class='ocrx_word' id='word_1_111' title='bbox 1376 1281 1647 1338; x_wconf 76' lang='lat' dir='ltr'><strong>Augustae⁸)</strong></span> <span class='ocrx_word' id='word_1_112' title='bbox 1679 1288 1813 1337; x_wconf 80' lang='lat' dir='ltr'><strong>atque</strong></span> 
     </span>
     <span class='ocr_line' id='line_1_16' title="bbox 245 1352 1813 1408; baseline 0.001 -12"><span class='ocrx_word' id='word_1_113' title='bbox 245 1353 483 1396; x_wconf 88' lang='lat' dir='ltr'><strong>Ausonium</strong></span> <span class='ocrx_word' id='word_1_114' title='bbox 492 1352 528 1408; x_wconf 80' lang='lat'><strong>⁰)</strong></span> <span class='ocrx_word' id='word_1_115' title='bbox 560 1354 806 1397; x_wconf 86' lang='lat' dir='ltr'><strong>aedilitatis</strong></span> <span class='ocrx_word' id='word_1_116' title='bbox 836 1366 922 1397; x_wconf 93' lang='lat' dir='ltr'><strong>non</strong></span> <span class='ocrx_word' id='word_1_117' title='bbox 954 1354 1080 1407; x_wconf 87' lang='lat' dir='ltr'><strong>quasi</strong></span> <span class='ocrx_word' id='word_1_118' title='bbox 1111 1354 1174 1397; x_wconf 90' lang='lat' dir='ltr'><strong>rei</strong></span> <span class='ocrx_word' id='word_1_119' title='bbox 1198 1358 1289 1397; x_wconf 91' lang='lat' dir='ltr'><strong>tum</strong></span> <span class='ocrx_word' id='word_1_120' title='bbox 1310 1354 1505 1398; x_wconf 88' lang='lat' dir='ltr'><strong>usitatae</strong></span> <span class='ocrx_word' id='word_1_121' title='bbox 1525 1354 1602 1397; x_wconf 89' lang='lat' dir='ltr'><strong>sed</strong></span> <span class='ocrx_word' id='word_1_122' title='bbox 1623 1367 1648 1397; x_wconf 93' lang='lat' dir='ltr'><strong>e</strong></span> <span class='ocrx_word' id='word_1_123' title='bbox 1669 1366 1813 1398; x_wconf 90' lang='lat' dir='ltr'><strong>rerum</strong></span> 
     </span>
    </p>
   </div>
   <div class='ocr_carea' id='block_1_3' title="bbox 245 1426 406 1430">
    <p class='ocr_par' dir='ltr' id='par_1_5' title="bbox 245 1426 406 1430">
     <span class='ocr_line' id='line_1_17' title="bbox 245 1426 406 1430; baseline 0 0"><span class='ocrx_word' id='word_1_124' title='bbox 245 1426 406 1430; x_wconf 95' lang='lat' dir='ltr'><strong> </strong></span> 
     </span>
    </p>
   </div>
   <div class='ocr_carea' id='block_1_4' title="bbox 411 1426 529 1432">
    <p class='ocr_par' dir='ltr' id='par_1_6' title="bbox 411 1426 529 1432">
     <span class='ocr_line' id='line_1_18' title="bbox 411 1426 529 1432; baseline 0 0"><span class='ocrx_word' id='word_1_125' title='bbox 411 1426 529 1432; x_wconf 95' lang='lat' dir='ltr'><strong> </strong></span> 
     </span>
    </p>
   </div>
   <div class='ocr_carea' id='block_1_5' title="bbox 246 1458 1818 2276">
    <p class='ocr_par' dir='ltr' id='par_1_7' title="bbox 248 1458 1813 1565">
     <span class='ocr_line' id='line_1_19' title="bbox 391 1458 1813 1505; baseline 0.002 -12"><span class='ocrx_word' id='word_1_126' title='bbox 391 1460 424 1502; x_wconf 93' lang='lat' dir='ltr'><strong>l)</strong></span> <span class='ocrx_word' id='word_1_127' title='bbox 451 1459 505 1494; x_wconf 91' lang='lat' dir='ltr'><strong>De</strong></span> <span class='ocrx_word' id='word_1_128' title='bbox 541 1458 706 1504; x_wconf 82' lang='lat' dir='ltr'><strong>patriciis</strong></span> <span class='ocrx_word' id='word_1_129' title='bbox 742 1459 926 1505; x_wconf 83' lang='lat' dir='ltr'><strong>gentibus,</strong></span> <span class='ocrx_word' id='word_1_130' title='bbox 965 1470 1058 1504; x_wconf 80' lang='lat' dir='ltr'><strong>quae</strong></span> <span class='ocrx_word' id='word_1_131' title='bbox 1089 1459 1233 1505; x_wconf 87' lang='lat' dir='ltr'><strong>imperii</strong></span> <span class='ocrx_word' id='word_1_132' title='bbox 1257 1459 1410 1495; x_wconf 84' lang='lat' dir='ltr'><strong>Romani</strong></span> <span class='ocrx_word' id='word_1_133' title='bbox 1436 1460 1590 1495; x_wconf 84' lang='lat' dir='ltr'><strong>saeculis</strong></span> <span class='ocrx_word' id='word_1_134' title='bbox 1615 1459 1643 1495; x_wconf 91' lang='lat'><strong>1.</strong></span> <span class='ocrx_word' id='word_1_135' title='bbox 1670 1459 1718 1495; x_wconf 91' lang='grc' dir='ltr'><strong>Π.</strong></span> <span class='ocrx_word' id='word_1_136' title='bbox 1745 1459 1813 1496; x_wconf 86' lang='lat'><strong>111.</strong></span> 
     </span>
     <span class='ocr_line' id='line_1_20' title="bbox 248 1517 1227 1565; baseline 0.002 -12"><span class='ocrx_word' id='word_1_137' title='bbox 248 1517 395 1554; x_wconf 82' lang='lat' dir='ltr'><strong>fuerint.</strong></span> <span class='ocrx_word' id='word_1_138' title='bbox 446 1518 664 1555; x_wconf 76' lang='lat' dir='ltr'><strong>Dissertatio</strong></span> <span class='ocrx_word' id='word_1_139' title='bbox 689 1518 929 1565; x_wconf 78' lang='lat' dir='ltr'><strong>inauguralis.</strong></span> <span class='ocrx_word' id='word_1_140' title='bbox 979 1519 1095 1555; x_wconf 85' lang='lat' dir='ltr'><strong>Berol.</strong></span> <span class='ocrx_word' id='word_1_141' title='bbox 1124 1519 1227 1555; x_wconf 82' lang='grc'><strong>1909.</strong></span> 
     </span>
    </p>

    <p class='ocr_par' dir='ltr' id='par_1_8' title="bbox 246 1577 1818 2099">
     <span class='ocr_line' id='line_1_21' title="bbox 390 1577 1813 1624; baseline 0.001 -11"><span class='ocrx_word' id='word_1_142' title='bbox 390 1578 428 1622; x_wconf 83' lang='grc'><strong>2)</strong></span> <span class='ocrx_word' id='word_1_143' title='bbox 454 1578 508 1613; x_wconf 89' lang='lat' dir='ltr'><strong>De</strong></span> <span class='ocrx_word' id='word_1_144' title='bbox 533 1579 570 1613; x_wconf 89' lang='lat' dir='ltr'><strong>C.</strong></span> <span class='ocrx_word' id='word_1_145' title='bbox 590 1577 736 1623; x_wconf 85' lang='lat' dir='ltr'><strong>Papirio</strong></span> <span class='ocrx_word' id='word_1_146' title='bbox 753 1579 918 1614; x_wconf 73' lang='lat' dir='ltr'><strong>Maesone</strong></span> <span class='ocrx_word' id='word_1_147' title='bbox 942 1578 1059 1615; x_wconf 82' lang='lat' dir='ltr'><strong>aedile</strong></span> <span class='ocrx_word' id='word_1_148' title='bbox 1083 1578 1209 1624; x_wconf 82' lang='lat' dir='ltr'><strong>plebis,</strong></span> <span class='ocrx_word' id='word_1_149' title='bbox 1235 1578 1299 1623; x_wconf 88' lang='lat' dir='ltr'><strong>qui</strong></span> <span class='ocrx_word' id='word_1_150' title='bbox 1323 1582 1482 1614; x_wconf 82' lang='lat' dir='ltr'><strong>ceterum</strong></span> <span class='ocrx_word' id='word_1_151' title='bbox 1507 1583 1550 1615; x_wconf 87' lang='lat' dir='ltr'><strong>nt</strong></span> <span class='ocrx_word' id='word_1_152' title='bbox 1574 1583 1660 1615; x_wconf 73' lang='lat' dir='ltr'><strong>ante</strong></span> <span class='ocrx_word' id='word_1_153' title='bbox 1684 1589 1813 1615; x_wconf 75' lang='lat' dir='ltr'><strong>novam</strong></span> 
     </span>
     <span class='ocr_line' id='line_1_22' title="bbox 247 1636 1813 1684; baseline 0.001 -12"><span class='ocrx_word' id='word_1_154' title='bbox 247 1636 346 1672; x_wconf 91' lang='lat' dir='ltr'><strong>illam</strong></span> <span class='ocrx_word' id='word_1_155' title='bbox 384 1638 501 1682; x_wconf 85' lang='lat' dir='ltr'><strong>legem</strong></span> <span class='ocrx_word' id='word_1_156' title='bbox 539 1638 583 1673; x_wconf 90' lang='lat' dir='ltr'><strong>de</strong></span> <span class='ocrx_word' id='word_1_157' title='bbox 619 1638 808 1674; x_wconf 84' lang='lat' dir='ltr'><strong>aedilitate</strong></span> <span class='ocrx_word' id='word_1_158' title='bbox 845 1638 1005 1684; x_wconf 83' lang='lat' dir='ltr'><strong>gerenda</strong></span> <span class='ocrx_word' id='word_1_159' title='bbox 1042 1638 1206 1684; x_wconf 77' lang='lat' dir='ltr'><strong>Augusti</strong></span> <span class='ocrx_word' id='word_1_160' title='bbox 1242 1637 1371 1674; x_wconf 77' lang='lat' dir='ltr'><strong>aedilis</strong></span> <span class='ocrx_word' id='word_1_161' title='bbox 1412 1638 1524 1674; x_wconf 74' lang='lat' dir='ltr'><strong>fuerit</strong></span> <span class='ocrx_word' id='word_1_162' title='bbox 1564 1637 1642 1673; x_wconf 83' lang='lat' dir='ltr'><strong>fieri</strong></span> <span class='ocrx_word' id='word_1_163' title='bbox 1682 1642 1813 1683; x_wconf 76' lang='lat' dir='ltr'><strong>potest,</strong></span> 
     </span>
     <span class='ocr_line' id='line_1_23' title="bbox 247 1696 1815 1743; baseline 0.002 -12"><span class='ocrx_word' id='word_1_164' title='bbox 247 1696 454 1733; x_wconf 83' lang='lat' dir='ltr'><strong>conferatur</strong></span> <span class='ocrx_word' id='word_1_165' title='bbox 493 1708 525 1742; x_wconf 89' lang='lat' dir='ltr'><strong>p.</strong></span> <span class='ocrx_word' id='word_1_166' title='bbox 544 1698 576 1732; x_wconf 90' lang='grc'><strong>9.</strong></span> <span class='ocrx_word' id='word_1_167' title='bbox 627 1698 673 1733; x_wconf 83' lang='lat' dir='ltr'><strong>M.</strong></span> <span class='ocrx_word' id='word_1_168' title='bbox 706 1697 880 1734; x_wconf 89' lang='lat' dir='ltr'><strong>Claudius</strong></span> <span class='ocrx_word' id='word_1_169' title='bbox 917 1698 1053 1733; x_wconf 82' lang='lat' dir='ltr'><strong>Fronto</strong></span> <span class='ocrx_word' id='word_1_170' title='bbox 1090 1697 1187 1733; x_wconf 80' lang='lat' dir='ltr'><strong>circa</strong></span> <span class='ocrx_word' id='word_1_171' title='bbox 1222 1708 1255 1733; x_wconf 86' lang='lat' dir='ltr'><strong>a.</strong></span> <span class='ocrx_word' id='word_1_172' title='bbox 1283 1697 1351 1733; x_wconf 86' lang='lat'><strong>150</strong></span> <span class='ocrx_word' id='word_1_173' title='bbox 1388 1697 1516 1733; x_wconf 86' lang='lat' dir='ltr'><strong>aedilis</strong></span> <span class='ocrx_word' id='word_1_174' title='bbox 1551 1697 1688 1734; x_wconf 83' lang='lat' dir='ltr'><strong>curulis</strong></span> <span class='ocrx_word' id='word_1_175' title='bbox 1724 1697 1815 1743; x_wconf 58' lang='lat' dir='ltr'><strong>{uin</strong></span> 
     </span>
     <span class='ocr_line' id='line_1_24' title="bbox 247 1756 1816 1802; baseline 0.001 -11"><span class='ocrx_word' id='word_1_176' title='bbox 247 1757 293 1792; x_wconf 90' lang='lat' dir='ltr'><strong>M.</strong></span> <span class='ocrx_word' id='word_1_177' title='bbox 321 1756 512 1792; x_wconf 87' lang='lat' dir='ltr'><strong>Claudium</strong></span> <span class='ocrx_word' id='word_1_178' title='bbox 537 1757 754 1793; x_wconf 86' lang='lat' dir='ltr'><strong>Frontonem</strong></span> <span class='ocrx_word' id='word_1_179' title='bbox 780 1757 993 1802; x_wconf 83' lang='lat' dir='ltr'><strong>Neocydem,</strong></span> <span class='ocrx_word' id='word_1_180' title='bbox 1032 1767 1113 1793; x_wconf 90' lang='lat' dir='ltr'><strong>cnm</strong></span> <span class='ocrx_word' id='word_1_181' title='bbox 1147 1756 1245 1793; x_wconf 85' lang='lat' dir='ltr'><strong>inter</strong></span> <span class='ocrx_word' id='word_1_182' title='bbox 1269 1756 1384 1793; x_wconf 85' lang='lat' dir='ltr'><strong>Salios</strong></span> <span class='ocrx_word' id='word_1_183' title='bbox 1414 1756 1602 1793; x_wconf 85' lang='lat' dir='ltr'><strong>Palatinos</strong></span> <span class='ocrx_word' id='word_1_184' title='bbox 1626 1761 1816 1802; x_wconf 82' lang='lat' dir='ltr'><strong>cooptatus</strong></span> 
     </span>
     <span class='ocr_line' id='line_1_25' title="bbox 247 1815 1817 1862; baseline 0.001 -11"><span class='ocrx_word' id='word_1_185' title='bbox 247 1815 296 1851; x_wconf 89' lang='lat' dir='ltr'><strong>sit</strong></span> <span class='ocrx_word' id='word_1_186' title='bbox 322 1827 353 1851; x_wconf 87' lang='lat' dir='ltr'><strong>a.</strong></span> <span class='ocrx_word' id='word_1_187' title='bbox 383 1817 459 1860; x_wconf 87' lang='lat'>170,</span> <span class='ocrx_word' id='word_1_188' title='bbox 491 1816 655 1861; x_wconf 89' lang='lat' dir='ltr'><strong>patriciis</strong></span> <span class='ocrx_word' id='word_1_189' title='bbox 680 1816 830 1852; x_wconf 83' lang='lat' dir='ltr'><strong>ascribit</strong></span> <span class='ocrx_word' id='word_1_190' title='bbox 856 1816 984 1852; x_wconf 88' lang='lat' dir='ltr'><strong>Heiter</strong></span> <span class='ocrx_word' id='word_1_191' title='bbox 1008 1817 1032 1852; x_wconf 88' lang='lat'><strong>1.</strong></span> <span class='ocrx_word' id='word_1_192' title='bbox 1059 1827 1088 1852; x_wconf 87' lang='lat' dir='ltr'><strong>c.</strong></span> <span class='ocrx_word' id='word_1_193' title='bbox 1115 1827 1148 1862; x_wconf 92' lang='lat' dir='ltr'><strong>p.</strong></span> <span class='ocrx_word' id='word_1_194' title='bbox 1170 1817 1209 1851; x_wconf 89' lang='lat'><strong>11</strong></span> <span class='ocrx_word' id='word_1_195' title='bbox 1239 1827 1292 1852; x_wconf 85' lang='lat' dir='ltr'><strong>nr.</strong></span> <span class='ocrx_word' id='word_1_196' title='bbox 1311 1817 1367 1852; x_wconf 86' lang='lat'><strong>53.</strong></span> <span class='ocrx_word' id='word_1_197' title='bbox 1418 1816 1488 1860; x_wconf 89' lang='lat' dir='ltr'><strong>Qui</strong></span> <span class='ocrx_word' id='word_1_198' title='bbox 1513 1816 1682 1860; x_wconf 84' lang='lat' dir='ltr'><strong>quoniam</strong></span> <span class='ocrx_word' id='word_1_199' title='bbox 1707 1816 1817 1852; x_wconf 86' lang='lat' dir='ltr'><strong>iidem</strong></span> 
     </span>
     <span class='ocr_line' id='line_1_26' title="bbox 247 1875 1818 1920; baseline 0.001 -10"><span class='ocrx_word' id='word_1_200' title='bbox 247 1885 324 1910; x_wconf 85' lang='lat' dir='ltr'><strong>esse</strong></span> <span class='ocrx_word' id='word_1_201' title='bbox 349 1886 419 1910; x_wconf 90' lang='lat' dir='ltr'><strong>non</strong></span> <span class='ocrx_word' id='word_1_202' title='bbox 446 1879 597 1920; x_wconf 88' lang='lat' dir='ltr'><strong>possunt</strong></span> <span class='ocrx_word' id='word_1_203' title='bbox 622 1896 667 1901; x_wconf 95' lang='lat'>—</span> <span class='ocrx_word' id='word_1_204' title='bbox 694 1876 740 1911; x_wconf 84' lang='grc' dir='ltr'><strong>Μ.</strong></span> <span class='ocrx_word' id='word_1_205' title='bbox 761 1876 954 1911; x_wconf 85' lang='lat' dir='ltr'><strong>Claudium</strong></span> <span class='ocrx_word' id='word_1_206' title='bbox 979 1876 1198 1912; x_wconf 83' lang='lat' dir='ltr'><strong>Frontonem</strong></span> <span class='ocrx_word' id='word_1_207' title='bbox 1224 1875 1319 1911; x_wconf 89' lang='lat' dir='ltr'><strong>enim</strong></span> <span class='ocrx_word' id='word_1_208' title='bbox 1345 1875 1496 1911; x_wconf 82' lang='lat' dir='ltr'><strong>aedilem</strong></span> <span class='ocrx_word' id='word_1_209' title='bbox 1529 1886 1623 1911; x_wconf 84' lang='lat' dir='ltr'><strong>auno</strong></span> <span class='ocrx_word' id='word_1_210' title='bbox 1647 1875 1723 1911; x_wconf 73' lang='lat' dir='ltr'><strong>fere</strong></span> <span class='ocrx_word' id='word_1_211' title='bbox 1749 1876 1818 1911; x_wconf 90' lang='grc'><strong>170</strong></span> 
     </span>
     <span class='ocr_line' id='line_1_27' title="bbox 246 1935 1818 1980; baseline 0 -10"><span class='ocrx_word' id='word_1_212' title='bbox 246 1939 428 1970; x_wconf 89' lang='lat' dir='ltr'><strong>mortuum</strong></span> <span class='ocrx_word' id='word_1_213' title='bbox 455 1945 532 1970; x_wconf 86' lang='lat' dir='ltr'><strong>esse</strong></span> <span class='ocrx_word' id='word_1_214' title='bbox 556 1935 647 1971; x_wconf 88' lang='lat' dir='ltr'><strong>satis</strong></span> <span class='ocrx_word' id='word_1_215' title='bbox 673 1935 926 1980; x_wconf 87' lang='lat' dir='ltr'><strong>comprobatur</strong></span> <span class='ocrx_word' id='word_1_216' title='bbox 951 1956 995 1960; x_wconf 97' lang='lat'><strong>—</strong></span> <span class='ocrx_word' id='word_1_217' title='bbox 1021 1939 1145 1971; x_wconf 91' lang='lat' dir='ltr'><strong>utrum</strong></span> <span class='ocrx_word' id='word_1_218' title='bbox 1171 1945 1210 1970; x_wconf 88' lang='lat' dir='ltr'><strong>re</strong></span> <span class='ocrx_word' id='word_1_219' title='bbox 1241 1945 1328 1971; x_wconf 87' lang='lat' dir='ltr'><strong>vera</strong></span> <span class='ocrx_word' id='word_1_220' title='bbox 1352 1935 1487 1971; x_wconf 83' lang='lat' dir='ltr'><strong>Fronto</strong></span> <span class='ocrx_word' id='word_1_221' title='bbox 1512 1935 1640 1970; x_wconf 87' lang='lat' dir='ltr'><strong>aedilis</strong></span> <span class='ocrx_word' id='word_1_222' title='bbox 1664 1935 1818 1980; x_wconf 79' lang='lat' dir='ltr'><strong>patricio</strong></span> 
     </span>
     <span class='ocr_line' id='line_1_28' title="bbox 246 1994 1818 2039; baseline 0.001 -10"><span class='ocrx_word' id='word_1_223' title='bbox 246 2005 379 2039; x_wconf 87' lang='lat' dir='ltr'><strong>genere</strong></span> <span class='ocrx_word' id='word_1_224' title='bbox 416 1994 528 2030; x_wconf 80' lang='lat' dir='ltr'><strong>fuerit</strong></span> <span class='ocrx_word' id='word_1_225' title='bbox 565 2005 612 2030; x_wconf 90' lang='lat' dir='ltr'><strong>an</strong></span> <span class='ocrx_word' id='word_1_226' title='bbox 638 1994 783 2031; x_wconf 77' lang='lat' dir='ltr'><strong>Claudii</strong></span> <span class='ocrx_word' id='word_1_227' title='bbox 811 1994 1012 2030; x_wconf 85' lang='lat' dir='ltr'><strong>Frontones</strong></span> <span class='ocrx_word' id='word_1_228' title='bbox 1048 1994 1147 2030; x_wconf 89' lang='lat' dir='ltr'><strong>intra</strong></span> <span class='ocrx_word' id='word_1_229' title='bbox 1184 2005 1297 2030; x_wconf 86' lang='lat' dir='ltr'><strong>annos</strong></span> <span class='ocrx_word' id='word_1_230' title='bbox 1325 1995 1392 2029; x_wconf 84' lang='lat'><strong>150</strong></span> <span class='ocrx_word' id='word_1_231' title='bbox 1418 1999 1454 2030; x_wconf 87' lang='lat' dir='ltr'><strong>et</strong></span> <span class='ocrx_word' id='word_1_232' title='bbox 1483 1995 1550 2028; x_wconf 92' lang='lat'><strong>170</strong></span> <span class='ocrx_word' id='word_1_233' title='bbox 1575 1994 1672 2030; x_wconf 82' lang='lat' dir='ltr'><strong>inter</strong></span> <span class='ocrx_word' id='word_1_234' title='bbox 1695 2000 1818 2039; x_wconf 75' lang='lat' dir='ltr'><strong>patres</strong></span> 
     </span>
     <span class='ocr_line' id='line_1_29' title="bbox 247 2053 896 2099; baseline 0.002 -11"><span class='ocrx_word' id='word_1_235' title='bbox 247 2053 402 2089; x_wconf 86' lang='lat' dir='ltr'><strong>sublecti</strong></span> <span class='ocrx_word' id='word_1_236' title='bbox 426 2053 511 2099; x_wconf 84' lang='lat' dir='ltr'><strong>sint,</strong></span> <span class='ocrx_word' id='word_1_237' title='bbox 539 2053 734 2089; x_wconf 88' lang='lat' dir='ltr'><strong>diiudicari</strong></span> <span class='ocrx_word' id='word_1_238' title='bbox 758 2053 896 2098; x_wconf 89' lang='lat' dir='ltr'><strong>nequit.</strong></span> 
     </span>
    </p>

    <p class='ocr_par' dir='ltr' id='par_1_9' title="bbox 392 2113 806 2157">
     <span class='ocr_line' id='line_1_30' title="bbox 392 2113 806 2157; baseline 0 -9"><span class='ocrx_word' id='word_1_239' title='bbox 392 2113 429 2157; x_wconf 87' lang='lat'><strong>3)</strong></span> <span class='ocrx_word' id='word_1_240' title='bbox 454 2113 478 2148; x_wconf 90' lang='lat'><strong>1.</strong></span> <span class='ocrx_word' id='word_1_241' title='bbox 504 2123 534 2148; x_wconf 88' lang='lat' dir='ltr'><strong>c.</strong></span> <span class='ocrx_word' id='word_1_242' title='bbox 560 2124 594 2157; x_wconf 92' lang='lat' dir='ltr'><strong>p.</strong></span> <span class='ocrx_word' id='word_1_243' title='bbox 613 2113 685 2148; x_wconf 84' lang='lat'><strong>204</strong></span> <span class='ocrx_word' id='word_1_244' title='bbox 708 2123 806 2157; x_wconf 85' lang='lat' dir='ltr'><strong>seqq.</strong></span> 
     </span>
    </p>

    <p class='ocr_par' dir='ltr' id='par_1_10' title="bbox 390 2171 1331 2216">
     <span class='ocr_line' id='line_1_31' title="bbox 390 2171 1331 2216; baseline -0.001 -9"><span class='ocrx_word' id='word_1_245' title='bbox 390 2172 428 2216; x_wconf 84' lang='lat'><strong>4)</strong></span> <span class='ocrx_word' id='word_1_246' title='bbox 453 2173 508 2208; x_wconf 90' lang='lat' dir='ltr'><strong>De</strong></span> <span class='ocrx_word' id='word_1_247' title='bbox 533 2172 712 2208; x_wconf 85' lang='lat' dir='ltr'><strong>aedilibus</strong></span> <span class='ocrx_word' id='word_1_248' title='bbox 736 2172 991 2207; x_wconf 87' lang='lat' dir='ltr'><strong>Romanorum.</strong></span> <span class='ocrx_word' id='word_1_249' title='bbox 1040 2171 1202 2208; x_wconf 88' lang='lat' dir='ltr'><strong>Berolini</strong></span> <span class='ocrx_word' id='word_1_250' title='bbox 1229 2171 1331 2207; x_wconf 86' lang='lat'><strong>1842.</strong></span> 
     </span>
    </p>

    <p class='ocr_par' dir='ltr' id='par_1_11' title="bbox 391 2231 1818 2276">
     <span class='ocr_line' id='line_1_32' title="bbox 391 2231 1818 2276; baseline 0.001 -9"><span class='ocrx_word' id='word_1_251' title='bbox 391 2233 429 2275; x_wconf 87' lang='lat'><strong>5)</strong></span> <span class='ocrx_word' id='word_1_252' title='bbox 454 2231 530 2267; x_wconf 87' lang='lat' dir='ltr'><strong>Vit.</strong></span> <span class='ocrx_word' id='word_1_253' title='bbox 558 2231 665 2267; x_wconf 87' lang='lat' dir='ltr'><strong>Gord.</strong></span> <span class='ocrx_word' id='word_1_254' title='bbox 694 2232 749 2276; x_wconf 90' lang='lat'><strong>11,</strong></span> <span class='ocrx_word' id='word_1_255' title='bbox 778 2232 815 2267; x_wconf 91' lang='lat'><strong>1:</strong></span> <span class='ocrx_word' id='word_1_256' title='bbox 853 2231 1023 2276; x_wconf 81' lang='lat' dir='ltr'><strong>Interest,</strong></span> <span class='ocrx_word' id='word_1_257' title='bbox 1050 2236 1093 2267; x_wconf 88' lang='lat' dir='ltr'><strong>ut</strong></span> <span class='ocrx_word' id='word_1_258' title='bbox 1117 2236 1267 2267; x_wconf 87' lang='lat' dir='ltr'><strong>senatus</strong></span> <span class='ocrx_word' id='word_1_259' title='bbox 1293 2232 1508 2275; x_wconf 83' lang='lat' dir='ltr'><strong>consultum,</strong></span> <span class='ocrx_word' id='word_1_260' title='bbox 1547 2243 1617 2276; x_wconf 93' lang='lat' dir='ltr'><strong>quo</strong></span> <span class='ocrx_word' id='word_1_261' title='bbox 1643 2232 1818 2268; x_wconf 72' lang='lat' dir='ltr'><strong>Gordiani</strong></span> 
     </span>
    </p>
   </div>
   <div class='ocr_carea' id='block_1_6' title="bbox 245 2290 1881 2336">
    <p class='ocr_par' dir='ltr' id='par_1_12' title="bbox 245 2290 1881 2336">
     <span class='ocr_line' id='line_1_33' title="bbox 245 2290 1881 2336; baseline 0.001 -10"><span class='ocrx_word' id='word_1_262' title='bbox 245 2291 479 2336; x_wconf 87' lang='lat' dir='ltr'><strong>imperatores</strong></span> <span class='ocrx_word' id='word_1_263' title='bbox 504 2290 678 2335; x_wconf 85' lang='lat' dir='ltr'><strong>appellati</strong></span> <span class='ocrx_word' id='word_1_264' title='bbox 704 2294 791 2326; x_wconf 90' lang='lat' dir='ltr'><strong>sunt</strong></span> <span class='ocrx_word' id='word_1_265' title='bbox 816 2294 853 2326; x_wconf 87' lang='lat' dir='ltr'><strong>et</strong></span> <span class='ocrx_word' id='word_1_266' title='bbox 878 2291 1100 2326; x_wconf 83' lang='lat' dir='ltr'><strong>Maximinus</strong></span> <span class='ocrx_word' id='word_1_267' title='bbox 1124 2290 1251 2336; x_wconf 87' lang='lat' dir='ltr'><strong>hostis,</strong></span> <span class='ocrx_word' id='word_1_268' title='bbox 1289 2290 1423 2326; x_wconf 88' lang='lat' dir='ltr'><strong>litteris</strong></span> <span class='ocrx_word' id='word_1_269' title='bbox 1454 2296 1687 2336; x_wconf 85' lang='lat' dir='ltr'><strong>propagetur.</strong></span> <span class='ocrx_word' id='word_1_270' title='bbox 1736 2291 1817 2327; x_wconf 81' lang='lat' dir='ltr'><strong>Non</strong></span> <span class='ocrx_word' id='word_1_271' title='bbox 1877 2325 1881 2327; x_wconf 46' lang='lat'><strong>.</strong></span> 
     </span>
    </p>
   </div>
   <div class='ocr_carea' id='block_1_7' title="bbox 241 2349 1818 2921">
    <p class='ocr_par' dir='ltr' id='par_1_13' title="bbox 244 2349 1818 2632">
     <span class='ocr_line' id='line_1_34' title="bbox 245 2349 1818 2395; baseline 0.001 -10"><span class='ocrx_word' id='word_1_272' title='bbox 245 2349 410 2395; x_wconf 86' lang='lat' dir='ltr'><strong>legitimo</strong></span> <span class='ocrx_word' id='word_1_273' title='bbox 435 2350 498 2385; x_wconf 89' lang='lat' dir='ltr'><strong>sed</strong></span> <span class='ocrx_word' id='word_1_274' title='bbox 522 2350 659 2385; x_wconf 87' lang='lat' dir='ltr'><strong>indicto</strong></span> <span class='ocrx_word' id='word_1_275' title='bbox 685 2354 834 2386; x_wconf 87' lang='lat' dir='ltr'><strong>senatus</strong></span> <span class='ocrx_word' id='word_1_276' title='bbox 859 2349 918 2385; x_wconf 88' lang='lat' dir='ltr'><strong>die</strong></span> <span class='ocrx_word' id='word_1_277' title='bbox 946 2350 1070 2385; x_wconf 90' lang='lat' dir='ltr'><strong>consul</strong></span> <span class='ocrx_word' id='word_1_278' title='bbox 1095 2350 1170 2385; x_wconf 90' lang='lat' dir='ltr'><strong>iam</strong></span> <span class='ocrx_word' id='word_1_279' title='bbox 1195 2349 1292 2385; x_wconf 91' lang='lat' dir='ltr'><strong>domi</strong></span> <span class='ocrx_word' id='word_1_280' title='bbox 1317 2355 1517 2385; x_wconf 87' lang='lat' dir='ltr'><strong>conventus</strong></span> <span class='ocrx_word' id='word_1_281' title='bbox 1541 2361 1623 2385; x_wconf 88' lang='lat' dir='ltr'><strong>cum</strong></span> <span class='ocrx_word' id='word_1_282' title='bbox 1643 2351 1818 2395; x_wconf 84' lang='lat' dir='ltr'><strong>praetori-</strong></span> 
     </span>
     <span class='ocr_line' id='line_1_35' title="bbox 244 2409 1816 2455; baseline 0.001 -11"><span class='ocrx_word' id='word_1_283' title='bbox 244 2410 313 2444; x_wconf 89' lang='lat' dir='ltr'><strong>bus</strong></span> <span class='ocrx_word' id='word_1_284' title='bbox 351 2409 528 2445; x_wconf 86' lang='lat' dir='ltr'><strong>aedilibus</strong></span> <span class='ocrx_word' id='word_1_285' title='bbox 565 2414 602 2445; x_wconf 87' lang='lat' dir='ltr'><strong>et</strong></span> <span class='ocrx_word' id='word_1_286' title='bbox 638 2409 798 2445; x_wconf 87' lang='lat' dir='ltr'><strong>tribunis</strong></span> <span class='ocrx_word' id='word_1_287' title='bbox 834 2409 950 2454; x_wconf 86' lang='lat' dir='ltr'><strong>plebis</strong></span> <span class='ocrx_word' id='word_1_288' title='bbox 987 2409 1090 2445; x_wconf 88' lang='lat' dir='ltr'><strong>venit</strong></span> <span class='ocrx_word' id='word_1_289' title='bbox 1124 2409 1165 2444; x_wconf 87' lang='lat' dir='ltr'><strong>in</strong></span> <span class='ocrx_word' id='word_1_290' title='bbox 1201 2409 1350 2444; x_wconf 86' lang='lat' dir='ltr'><strong>curiam.</strong></span> <span class='ocrx_word' id='word_1_291' title='bbox 1402 2409 1477 2444; x_wconf 90' lang='lat' dir='ltr'><strong>Vit.</strong></span> <span class='ocrx_word' id='word_1_292' title='bbox 1505 2410 1600 2444; x_wconf 82' lang='lat' dir='ltr'><strong>Max.</strong></span> <span class='ocrx_word' id='word_1_293' title='bbox 1638 2414 1676 2445; x_wconf 88' lang='lat' dir='ltr'><strong>et</strong></span> <span class='ocrx_word' id='word_1_294' title='bbox 1713 2410 1816 2455; x_wconf 60' lang='lat' dir='ltr'><strong>Bau»,</strong></span> 
     </span>
     <span class='ocr_line' id='line_1_36' title="bbox 247 2468 1818 2514; baseline 0.001 -11"><span class='ocrx_word' id='word_1_295' title='bbox 247 2469 301 2514; x_wconf 85' lang='lat'><strong>10,</strong></span> <span class='ocrx_word' id='word_1_296' title='bbox 330 2470 367 2504; x_wconf 90' lang='lat'><strong>1:</strong></span> <span class='ocrx_word' id='word_1_297' title='bbox 393 2469 549 2503; x_wconf 70' lang='lat' dir='ltr'><strong>Maximo</strong></span> <span class='ocrx_word' id='word_1_298' title='bbox 573 2468 691 2514; x_wconf 86' lang='lat' dir='ltr'><strong>igitur</strong></span> <span class='ocrx_word' id='word_1_299' title='bbox 715 2469 762 2504; x_wconf 93' lang='lat' dir='ltr'><strong>ad</strong></span> <span class='ocrx_word' id='word_1_300' title='bbox 785 2468 920 2504; x_wconf 90' lang='lat' dir='ltr'><strong>bellum</strong></span> <span class='ocrx_word' id='word_1_301' title='bbox 944 2469 1104 2513; x_wconf 80' lang='lat' dir='ltr'><strong>profecto</strong></span> <span class='ocrx_word' id='word_1_302' title='bbox 1129 2472 1278 2504; x_wconf 84' lang='lat' dir='ltr'><strong>senatus</strong></span> <span class='ocrx_word' id='word_1_303' title='bbox 1302 2479 1367 2513; x_wconf 85' lang='lat' dir='ltr'><strong>per</strong></span> <span class='ocrx_word' id='word_1_304' title='bbox 1390 2479 1518 2503; x_wconf 85' lang='lat' dir='ltr'><strong>omnes</strong></span> <span class='ocrx_word' id='word_1_305' title='bbox 1543 2468 1711 2514; x_wconf 84' lang='lat' dir='ltr'><strong>regiones</strong></span> <span class='ocrx_word' id='word_1_306' title='bbox 1735 2479 1818 2504; x_wconf 87' lang='lat' dir='ltr'><strong>con-</strong></span> 
     </span>
     <span class='ocr_line' id='line_1_37' title="bbox 244 2527 1816 2573; baseline 0 -9"><span class='ocrx_word' id='word_1_307' title='bbox 244 2529 382 2564; x_wconf 86' lang='lat' dir='ltr'><strong>sulares</strong></span> <span class='ocrx_word' id='word_1_308' title='bbox 415 2528 613 2573; x_wconf 85' lang='lat' dir='ltr'><strong>praetorios</strong></span> <span class='ocrx_word' id='word_1_309' title='bbox 647 2527 872 2572; x_wconf 83' lang='lat' dir='ltr'><strong>quaestorios</strong></span> <span class='ocrx_word' id='word_1_310' title='bbox 897 2528 1085 2564; x_wconf 86' lang='lat' dir='ltr'><strong>aedilicios</strong></span> <span class='ocrx_word' id='word_1_311' title='bbox 1109 2527 1325 2564; x_wconf 84' lang='lat' dir='ltr'><strong>tribunicios</strong></span> <span class='ocrx_word' id='word_1_312' title='bbox 1350 2528 1462 2563; x_wconf 84' lang='lat' dir='ltr'><strong>etiam</strong></span> <span class='ocrx_word' id='word_1_313' title='bbox 1485 2527 1584 2563; x_wconf 80' lang='lat' dir='ltr'><strong>viros</strong></span> <span class='ocrx_word' id='word_1_314' title='bbox 1609 2528 1710 2564; x_wconf 84' lang='lat' dir='ltr'><strong>misit</strong></span> <span class='ocrx_word' id='word_1_315' title='bbox 1736 2556 1745 2563; x_wconf 88' lang='lat'><strong>.</strong></span> <span class='ocrx_word' id='word_1_316' title='bbox 1771 2557 1780 2564; x_wconf 92' lang='lat'><strong>.</strong></span> <span class='ocrx_word' id='word_1_317' title='bbox 1807 2556 1816 2564; x_wconf 92' lang='lat'><strong>.</strong></span> 
     </span>
     <span class='ocr_line' id='line_1_38' title="bbox 248 2587 871 2632; baseline 0 -9"><span class='ocrx_word' id='word_1_318' title='bbox 248 2588 464 2623; x_wconf 81' lang='lat' dir='ltr'><strong>Conferatur</strong></span> <span class='ocrx_word' id='word_1_319' title='bbox 488 2587 554 2623; x_wconf 84' lang='lat' dir='ltr'><strong>vit.</strong></span> <span class='ocrx_word' id='word_1_320' title='bbox 581 2587 752 2626; x_wconf 85' lang='lat' dir='ltr'><strong>Gordian.</strong></span> <span class='ocrx_word' id='word_1_321' title='bbox 778 2588 810 2632; x_wconf 88' lang='lat'><strong>3,</strong></span> <span class='ocrx_word' id='word_1_322' title='bbox 838 2589 871 2623; x_wconf 88' lang='lat'><strong>5.</strong></span> 
     </span>
    </p>

    <p class='ocr_par' dir='ltr' id='par_1_14' title="bbox 241 2646 1818 2921">
     <span class='ocr_line' id='line_1_39' title="bbox 387 2646 1818 2692; baseline 0 -10"><span class='ocrx_word' id='word_1_323' title='bbox 387 2648 424 2692; x_wconf 88' lang='lat'><strong>6)</strong></span> <span class='ocrx_word' id='word_1_324' title='bbox 451 2648 494 2682; x_wconf 91' lang='lat' dir='ltr'><strong>de</strong></span> <span class='ocrx_word' id='word_1_325' title='bbox 518 2648 583 2683; x_wconf 79' lang='lat' dir='ltr'><strong>fer.</strong></span> <span class='ocrx_word' id='word_1_326' title='bbox 610 2648 651 2682; x_wconf 88' lang='lat'><strong>31</strong></span> <span class='ocrx_word' id='word_1_327' title='bbox 680 2657 777 2691; x_wconf 89' lang='lat' dir='ltr'><strong>seqq.</strong></span> <span class='ocrx_word' id='word_1_328' title='bbox 802 2658 838 2692; x_wconf 86' lang='lat' dir='ltr'><strong>p.</strong></span> <span class='ocrx_word' id='word_1_329' title='bbox 858 2647 936 2692; x_wconf 89' lang='lat'>105,</span> <span class='ocrx_word' id='word_1_330' title='bbox 966 2647 1009 2682; x_wconf 85' lang='lat'><strong>21</strong></span> <span class='ocrx_word' id='word_1_331' title='bbox 1037 2647 1145 2692; x_wconf 87' lang='lat' dir='ltr'><strong>Peip:</strong></span> <span class='ocrx_word' id='word_1_332' title='bbox 1180 2647 1328 2683; x_wconf 83' lang='lat' dir='ltr'><strong>Aediles</strong></span> <span class='ocrx_word' id='word_1_333' title='bbox 1354 2647 1465 2683; x_wconf 86' lang='lat' dir='ltr'><strong>etiam</strong></span> <span class='ocrx_word' id='word_1_334' title='bbox 1489 2646 1587 2692; x_wconf 87' lang='lat' dir='ltr'><strong>plebi</strong></span> <span class='ocrx_word' id='word_1_335' title='bbox 1611 2646 1818 2692; x_wconf 80' lang='lat' dir='ltr'><strong>aedilesque</strong></span> 
     </span>
     <span class='ocr_line' id='line_1_40' title="bbox 244 2706 1817 2751; baseline 0 -9"><span class='ocrx_word' id='word_1_336' title='bbox 244 2708 386 2742; x_wconf 88' lang='lat' dir='ltr'><strong>curules</strong></span> <span class='ocrx_word' id='word_1_337' title='bbox 412 2718 515 2742; x_wconf 90' lang='lat' dir='ltr'><strong>sacra</strong></span> <span class='ocrx_word' id='word_1_338' title='bbox 538 2706 748 2751; x_wconf 85' lang='lat' dir='ltr'><strong>Sigillorum</strong></span> <span class='ocrx_word' id='word_1_339' title='bbox 781 2706 926 2742; x_wconf 88' lang='lat' dir='ltr'><strong>nomine</strong></span> <span class='ocrx_word' id='word_1_340' title='bbox 961 2706 1060 2743; x_wconf 89' lang='lat' dir='ltr'><strong>dicta</strong></span> <span class='ocrx_word' id='word_1_341' title='bbox 1083 2707 1219 2742; x_wconf 85' lang='lat' dir='ltr'><strong>colunt.</strong></span> <span class='ocrx_word' id='word_1_342' title='bbox 1245 2727 1291 2732; x_wconf 97' lang='lat'><strong>—</strong></span> <span class='ocrx_word' id='word_1_343' title='bbox 1317 2706 1418 2751; x_wconf 84' lang='lat' dir='ltr'><strong>Quae</strong></span> <span class='ocrx_word' id='word_1_344' title='bbox 1454 2706 1621 2750; x_wconf 82' lang='lat' dir='ltr'><strong>quamvis</strong></span> <span class='ocrx_word' id='word_1_345' title='bbox 1656 2710 1817 2751; x_wconf 64' lang='lat' dir='ltr'><strong>tompore</strong></span> 
     </span>
     <span class='ocr_line' id='line_1_41' title="bbox 243 2765 1817 2811; baseline 0 -10"><span class='ocrx_word' id='word_1_346' title='bbox 243 2766 426 2811; x_wconf 85' lang='lat' dir='ltr'><strong>praesenti</strong></span> <span class='ocrx_word' id='word_1_347' title='bbox 450 2766 613 2801; x_wconf 86' lang='lat' dir='ltr'><strong>adhibito</strong></span> <span class='ocrx_word' id='word_1_348' title='bbox 638 2770 841 2811; x_wconf 86' lang='lat' dir='ltr'><strong>narrentur,</strong></span> <span class='ocrx_word' id='word_1_349' title='bbox 875 2777 947 2801; x_wconf 89' lang='lat' dir='ltr'><strong>non</strong></span> <span class='ocrx_word' id='word_1_350' title='bbox 978 2766 1098 2801; x_wconf 88' lang='lat' dir='ltr'><strong>minus</strong></span> <span class='ocrx_word' id='word_1_351' title='bbox 1122 2766 1170 2801; x_wconf 89' lang='lat' dir='ltr'><strong>ad</strong></span> <span class='ocrx_word' id='word_1_352' title='bbox 1193 2770 1351 2802; x_wconf 83' lang='lat' dir='ltr'><strong>aetatem</strong></span> <span class='ocrx_word' id='word_1_353' title='bbox 1375 2765 1605 2801; x_wconf 85' lang='lat' dir='ltr'><strong>remotiorem</strong></span> <span class='ocrx_word' id='word_1_354' title='bbox 1631 2770 1817 2810; x_wconf 79' lang='lat' dir='ltr'><strong>spectasse</strong></span> 
     </span>
     <span class='ocr_line' id='line_1_42' title="bbox 244 2824 1815 2870; baseline 0 -10"><span class='ocrx_word' id='word_1_355' title='bbox 244 2836 369 2860; x_wconf 87' lang='lat' dir='ltr'><strong>censeo</strong></span> <span class='ocrx_word' id='word_1_356' title='bbox 394 2836 502 2869; x_wconf 88' lang='lat' dir='ltr'><strong>quam</strong></span> <span class='ocrx_word' id='word_1_357' title='bbox 531 2825 606 2860; x_wconf 90' lang='lat' dir='ltr'><strong>lud.</strong></span> <span class='ocrx_word' id='word_1_358' title='bbox 633 2825 705 2860; x_wconf 89' lang='lat' dir='ltr'><strong>VII</strong></span> <span class='ocrx_word' id='word_1_359' title='bbox 729 2836 806 2870; x_wconf 87' lang='lat' dir='ltr'><strong>sap.</strong></span> <span class='ocrx_word' id='word_1_360' title='bbox 830 2825 870 2860; x_wconf 90' lang='lat' dir='ltr'>H</span> <span class='ocrx_word' id='word_1_361' title='bbox 896 2825 942 2860; x_wconf 82' lang='lat'><strong>14</strong></span> <span class='ocrx_word' id='word_1_362' title='bbox 965 2836 1000 2870; x_wconf 86' lang='lat' dir='ltr'><strong>p.</strong></span> <span class='ocrx_word' id='word_1_363' title='bbox 1028 2825 1106 2870; x_wconf 90' lang='lat'>170,</span> <span class='ocrx_word' id='word_1_364' title='bbox 1136 2825 1180 2860; x_wconf 92' lang='lat'><strong>18</strong></span> <span class='ocrx_word' id='word_1_365' title='bbox 1204 2825 1311 2870; x_wconf 85' lang='lat' dir='ltr'><strong>Peip:</strong></span> <span class='ocrx_word' id='word_1_366' title='bbox 1349 2825 1489 2860; x_wconf 85' lang='lat' dir='ltr'><strong>Aedilis</strong></span> <span class='ocrx_word' id='word_1_367' title='bbox 1525 2824 1611 2860; x_wconf 87' lang='lat' dir='ltr'><strong>olim</strong></span> <span class='ocrx_word' id='word_1_368' title='bbox 1648 2835 1815 2861; x_wconf 76' lang='lat' dir='ltr'><strong>scaenam</strong></span> 
     </span>
     <span class='ocr_line' id='line_1_43' title="bbox 241 2884 1333 2921; baseline 0 -1"><span class='ocrx_word' id='word_1_369' title='bbox 241 2885 445 2921; x_wconf 86' lang='lat' dir='ltr'><strong>tabulatam</strong></span> <span class='ocrx_word' id='word_1_370' title='bbox 470 2884 580 2920; x_wconf 91' lang='lat' dir='ltr'><strong>dabat</strong></span> <span class='ocrx_word' id='word_1_371' title='bbox 605 2884 726 2920; x_wconf 91' lang='lat' dir='ltr'><strong>subito</strong></span> <span class='ocrx_word' id='word_1_372' title='bbox 750 2884 946 2921; x_wconf 83' lang='lat' dir='ltr'><strong>excitatam</strong></span> <span class='ocrx_word' id='word_1_373' title='bbox 971 2885 1073 2920; x_wconf 91' lang='lat' dir='ltr'><strong>nulla</strong></span> <span class='ocrx_word' id='word_1_374' title='bbox 1096 2885 1189 2920; x_wconf 90' lang='lat' dir='ltr'><strong>mole</strong></span> <span class='ocrx_word' id='word_1_375' title='bbox 1213 2895 1333 2921; x_wconf 82' lang='lat' dir='ltr'><strong>saxea.</strong></span> 
     </span>
    </p>
   </div>
  </div>
 </body>
</html>
