2046 3242
942 223 1237 263 ..30-

205 360 301 402 102.
680 352 971 409 Torquatus
1004 351 1045 395 N
1049 349 1267 394 evellius
1298 350 1507 394 Atticus.

447 437 581 480 Teste
627 435 759 479 titulo
805 434 1038 479 Tiburtino
1085 434 1181 478 CIL
1219 433 1329 477 XIV
1361 435 1477 477 3602
1524 433 1612 478 {uit
1658 435 1881 480 decemvir
1878 405 1957 443 ‘⁵

305 508 500 551 stlitibus
552 506 807 561 iudicandis,
863 506 1066 550 tribunus
1116 505 1304 549 militum
1355 505 1541 561 legionis
1591 505 1625 560 Ι,
1677 505 1883 551 tribunus
1916 489 1968 527 ω

306 578 633 623 vexillariorum
679 577 898 632 legionum
945 581 1155 631 quattuor
1200 577 1234 630 I,
1267 576 1318 631 V,
1356 576 1458 631 XX,
1489 576 1615 631 XXI,
1662 580 1883 633 quaestor,

307 650 472 704 aedilis,
503 652 683 704 praetor
714 649 770 692 ad
801 648 986 703 hastam,
1018 652 1196 691 curator
1226 647 1417 691 locorum
1448 647 1731 703 publicorum,
1761 647 1882 704 lega·

307 727 377 765 tus
427 722 483 764 ad
530 732 683 763 census
731 720 1006 774 accipiendos
1053 718 1240 763 dilectus
1281 723 1328 763 et
1367 718 1598 773 proconsul
1629 719 1884 774 provinciae

306 792 614 846 Narbonensis,
660 791 705 835 in
754 791 876 834 cuius
922 790 1099 834 honoris
1145 789 1230 833 fine
1277 802 1435 834 annum
1467 803 1604 845 agens
1635 790 1883 836 xxxxIv

307 863 401 906 foro
434 863 536 906 Iulii
569 862 770 906 decessit.

450 934 544 990 Quo
576 938 772 988 tempore
793 932 1020 977 Novellius
1051 932 1255 976 tribunus
1280 932 1428 987 fuerit,
1460 933 1702 988 computari
1723 937 1884 988 potest.

308 1006 524 1060 Legiones
556 1005 680 1059 enim,
714 1017 897 1059 quarum
928 1003 1175 1048 vexillariis
1205 1004 1485 1059 praepositus
1515 1009 1614 1049 erat
1643 1004 1885 1060 Noveffius,

309 1077 352 1119 in
401 1076 561 1119 eisdem
608 1075 860 1131 regionibus
907 1079 999 1119 tum
1048 1075 1285 1119 collocatas
1322 1075 1459 1119 fuisse
1491 1080 1676 1130 oportet.
1737 1076 1886 1130 Atque

307 1147 503 1202 legiones
533 1147 694 1202 Prima,
727 1147 893 1203 Quinta
923 1146 1218 1201 Macedonica,
1252 1146 1473 1190 Vicesima
1494 1146 1675 1191 Valeria
1699 1147 1887 1203 Victrix,

311 1219 528 1262 Vicesima
572 1218 714 1272 prima
759 1219 916 1273 Rapax
964 1218 1009 1261 in
1047 1218 1285 1262 Germania
1331 1218 1540 1262 inferiore
1586 1219 1828 1268 collocatae
1858 1231 1890 1263 a

309 1290 464 1334 Tacito
511 1302 607 1333 ann.
639 1290 662 1333 I
695 1291 747 1333 31
800 1293 1190 1333 commemorantur
1231 1302 1343 1333 anno
1379 1291 1445 1345 14,
1492 1302 1577 1344 quo
1609 1290 1889 1334 habebantur

311 1361 468 1405 castris
515 1361 699 1405 aestivis
745 1361 791 1404 in
822 1361 980 1405 finibus
1012 1361 1235 1405 Ubiorum.
1298 1362 1491 1417 Quarum
1523 1374 1548 1405 e
1579 1374 1758 1405 numero
1789 1374 1888 1407 cum

310 1433 355 1475 in
385 1433 662 1476 Britanniam
703 1433 893 1476 deducta
933 1432 993 1476 sit
1024 1432 1139 1487 legio
1171 1432 1260 1476 XX
1291 1433 1561 1487 temporibus
1592 1433 1775 1477 incertis
1805 1433 1888 1477 sub

310 1505 575 1558 imperatore
607 1504 799 1558 Claudio,
831 1504 1047 1559 legionem
1078 1504 1100 1547 Ι
1131 1508 1232 1558 post
1263 1504 1431 1548 cladem
1454 1505 1693 1548 Varianam
1724 1504 1889 1549 consti·

311 1578 454 1618 tutam
486 1588 582 1618 esse
614 1578 822 1618 censeant
853 1575 939 1618 viri
972 1575 1100 1629 docti,
1112 1573 1146 1630 ¹)
1177 1575 1258 1618 hos
1290 1575 1409 1619 inter
1429 1576 1639 1620 terminos
1659 1575 1890 1620 Novellius

311 1646 541 1690 tribunatu
572 1646 750 1690 functus
783 1650 863 1690 est.

454 1718 610 1761 Artius
642 1718 1014 1761 circumscribitur
1045 1722 1170 1761 aetas
1201 1718 1452 1762 testimonio
1483 1717 1663 1775 Plinii')
1693 1718 1890 1763 Novelli-

312 1801 384 1832 um
405 1789 674 1842 Torquatum
704 1789 816 1832 mira
847 1790 1035 1843 quadam
1066 1793 1164 1832 arte
1194 1790 1377 1843 potandi
1407 1789 1607 1833 floruisse
1631 1792 1690 1835 ad
1701 1805 1889 1848 procon-

312 1863 497 1906 sulatum
529 1876 661 1917 usque
691 1876 713 1905 e
740 1865 946 1917 praetura
976 1862 1212 1907 honoribus
1239 1864 1377 1918 qesta,
1411 1862 1547 1906 tribus
1567 1864 1742 1920 conqiis,
1772 1863 1892 1908 unde

312 1936 350 1977 et
381 1947 609 1988 coynomen
641 1933 707 1977 illi
725 1932 826 1988 fuit,
859 1933 991 1989 epotis
1012 1947 1100 1978 uno
1121 1935 1279 1990 impetu
1299 1937 1510 1986 spectante
1529 1935 1729 1978 miraculi
1745 1934 1892 1991 qratia

314 2003 486 2048 Tiberio
509 2004 710 2060 principe
741 2006 790 2049 in
820 2009 988 2049 senecta
1018 2005 1108 2050 iam
1137 2019 1278 2050 severo
1309 2009 1434 2061 atque
1462 2006 1590 2050 eiiam
1621 2019 1745 2050 saevo
1764 2006 1890 2051 alias.

457 2073 617 2127 Itaque
638 2074 884 2128 honoribus,
908 2087 1015 2128 quos
1036 2079 1137 2129 post
1158 2075 1431 2119 aedilitatem
1453 2076 1605 2130 gessit,
1635 2079 1756 2119 retro
1777 2087 1893 2119 com-

315 2145 484 2198 putatis
515 2145 730 2188 rationem
760 2145 975 2189 habentes
1007 2147 1169 2190 aetatis
1196 2147 1330 2201 vitae,
1362 2159 1492 2200 quam
1523 2159 1659 2202 agens
1689 2147 1895 2203 decessit,

314 2215 563 2259 Novellium
593 2216 728 2258 tertio
761 2216 968 2259 decennio
1000 2217 1288 2271 magistratus
1315 2217 1506 2260 minores
1526 2217 1770 2261 obtinuisse
1791 2230 1892 2265 con-

316 2299 506 2329 lecimus.

216 2360 315 2401 103.
783 2358 837 2402 C.
871 2358 1171 2415 Calpurnius
1203 2359 1432 2402 Bibulus.
1942 2358 1977 2384 ⁸·
2031 2407 2033 2411 Α

220 2443 316 2484 104.
864 2441 1151 2485 Bruttedius
1181 2442 1346 2498 Niger.
2025 2438 2027 2442 ⁴

462 2526 564 2569 Tac.
597 2538 694 2569 ann.
725 2526 797 2569 ΠΙ
829 2528 907 2569 52;
939 2526 983 2570 G.
1015 2526 1234 2580 Sulpicius
1263 2527 1317 2570 D.
1348 2527 1562 2571 Haterius
1593 2527 1794 2570 consules
1824 2539 1894 2571 se-

321 2600 514 2649 quuntur
545 2631 554 2640 .
585 2631 594 2640 .
626 2631 636 2641 .
667 2597 907 2652 incipiente
938 2598 982 2641 C.
1001 2598 1160 2641 Bibulo
1192 2598 1331 2642 ceteri
1362 2611 1534 2652 quoque
1564 2598 1730 2642 aediles
1757 2598 1896 2642 disse-

319 2671 502 2711 ruerant
532 2669 681 2722 sperni
712 2669 1027 2723 sumptuariam
1056 2669 1200 2724 legem
1231 2704 1241 2713 .
1273 2704 1283 2713 .
1315 2705 1325 2713 .

465 2762 502 2808 1)
527 2763 740 2807 Marquardt
763 2763 803 2799 Π
826 2763 909 2799 446.
949 2763 1070 2808 Pauly
1093 2764 1462 2810 Realencyclopaedie
1483 2764 1539 2801 IV
1562 2764 1634 2800 870
1650 2763 1896 2829 (Grotefend).

245 2849 249 2852 .
320 2820 482 2857 Pfitzner
506 2821 807 2868 Kaiserlegionen
831 2833 867 2868 p.
884 2823 967 2858 214.

464 2880 966 2926 2)P1m....hnXIV144
