2046 3242
970 215 1235 255 —fi—

464 348 588 402 Quod
635 346 747 389 enim
795 345 1031 388 Mommsen
1048 346 1081 399 ¹)
1129 348 1258 398 putat
1303 343 1591 397 magistratus
1637 341 1888 384 tribunatus

323 419 650 470 aedilitatisque
696 430 718 459 e
763 429 891 459 cursu
933 416 1140 459 honorum
1184 414 1382 458 sublatos
1414 426 1509 456 esse
1541 412 1619 456 illa
1650 412 1759 467 lege,
1803 423 1890 465 qua

323 490 574 534 Alexander
619 486 860 542 decrevit’)
908 492 1146 543 quaestores
1192 487 1442 532 candidatos
1486 501 1538 530 ex
1582 499 1664 530 sua
1708 484 1889 536 maenia

321 576 501 607 munera
530 561 687 617 populo
709 560 823 613 dare,
857 560 929 603 sed
949 561 1022 610 ita,
1056 563 1103 602 ut
1125 562 1217 615 poet
1238 562 1509 613 quaesturam
1531 559 1756 609 praeturas
1778 555 1888 599 acci»

322 636 465 689 pereni
495 636 532 676 et
562 632 713 676 deinde
742 630 988 686 provincias
1018 633 1217 686 reqerent,
1250 628 1344 671 iure
1376 625 1641 670 refutavisse
1667 636 1891 669 censemus

323 703 590 756 Stephanum
621 700 820 744 Brasloff.
831 698 866 754 ⁸)

465 785 722 837 Priusquam
770 788 914 827 autem
956 783 1011 825 ad
1044 795 1134 825 rem
1166 782 1303 836 ipsam
1336 781 1654 835 aggrediamur,
1694 779 1893 823 breviter

324 868 584 909 enarremus
617 855 719 908 quid
750 855 1009 898 censendum
1042 866 1138 896 esse
1168 853 1294 896 nobis
1325 852 1531 896 videatur
1561 852 1615 895 de
1646 850 1892 895 adlectione

324 929 441 971 inter
471 927 695 971 aedilicios
728 931 773 969 et
805 927 859 969 de
890 925 1158 969 ornamentis
1189 923 1415 968 aediliciis.

468 1012 613 1064 Atque
653 1010 940 1064 imperatores
980 1009 1098 1051 inter
1129 1007 1354 1051 aedilicios
1386 1006 1615 1061 adlegisse,
1659 1006 1743 1049 etsi
1775 1005 1893 1049 haud

324 1084 389 1126 ita
420 1082 572 1125 crebro
605 1081 816 1124 accidisse
847 1080 1025 1124 videtur
1054 1083 1105 1123 ut
1134 1079 1253 1122 inter
1273 1078 1547 1132 quaestorios
1569 1081 1615 1121 et
1634 1076 1892 1132 praetorios,

324 1167 436 1198 nunc
468 1153 633 1196 duobus
665 1151 875 1206 exemplis
907 1151 1190 1205 comprobare
1220 1150 1344 1193 licet:

659 1307 738 1350 Ti.
770 1306 925 1349 Iulius
958 1305 1139 1349 Celsus
1171 1304 1557 1348 Polemaeanus.
1892 1303 2046 1388 apog-114

466 1391 631 1434 Nomen
679 1394 724 1433 et
771 1402 942 1433 cursum
988 1389 1198 1432 honorum
1244 1388 1440 1431 ostendit
1480 1387 1637 1431 titulus
1675 1387 1894 1443 Ephesius

324 1462 532 1517 bilinguis
563 1474 702 1516 nuper
733 1461 888 1504 editus.
898 1460 936 1516 ⁴)

467 1533 572 1576 Fuit
604 1532 763 1586 consul,
795 1531 1026 1586 proconsul
1058 1531 1204 1586 Asiae,
1235 1531 1438 1574 tribunus
1461 1530 1649 1585 legionis
1669 1530 1740 1574 ΠΙ
1762 1529 1894 1585 cyre-

324 1605 488 1659 naicae,
541 1604 738 1647 adlectus
790 1604 909 1646 inter
955 1602 1182 1646 aedilicios
1229 1603 1285 1646 ab
1332 1602 1433 1646 divo
1480 1602 1770 1656 Vespasiano,
1814 1614 1894 1656 pro

324 1680 530 1730 praetore
580 1675 754 1730 legatus
805 1676 1103 1729 Augustorum
1154 1674 1352 1718 divorum
1399 1673 1661 1728 Vespasiani
1711 1676 1759 1716 et
1802 1672 1896 1717 Titi

325 1747 646 1802 provinciarum
669 1746 971 1801 Cappadociae
993 1750 1039 1789 et
1060 1745 1279 1799 Galatiae,
1310 1745 1454 1799 Ponti,
1479 1744 1684 1798 Pisidiae,
1704 1743 1895 1799 Paphla-

325 1819 499 1874 goniae,
552 1818 787 1861 Armeniae
838 1817 1034 1871 minoris,
1086 1817 1262 1872 legatus
1313 1816 1405 1860 divi
1451 1816 1544 1859 Titi
1593 1815 1780 1870 legionis
1829 1814 1895 1859 IV

326 1890 571 1945 Scythicae,
611 1889 842 1943 proconsul
887 1889 1019 1932 Ponti
1059 1892 1105 1932 et
1144 1888 1395 1943 Bithyniae,
1441 1886 1694 1942 praefectus
1733 1886 1897 1930 aerarii

325 1961 541 2015 militaris,
587 1961 762 2015 legatus
807 1952 999 2015 Augusti
1041 1959 1296 2014 provinciae
1342 1958 1534 2012 Ciliciae,
1581 1957 1898 2012 quindecimvir

326 2045 547 2075 sacrorum
591 2031 903 2086 faciundorum,
950 2035 1128 2074 curator
1174 2031 1346 2074 aedium
1387 2042 1610 2074 sacrarum
1641 2033 1688 2073 et
1717 2041 1897 2084 operum

325 2104 602 2156 locorumque
631 2102 903 2157 publicorum
932 2102 1083 2157 populi
1113 2102 1309 2145 Romani.

468 2174 637 2227 Iulium,
670 2174 743 2226 qui
775 2174 893 2216 circa
923 2186 960 2217 a.
984 2174 1040 2216 80
1071 2173 1247 2228 legatus
1277 2173 1465 2227 legionis
1496 2173 1561 2216 IV
1591 2172 1689 2226 fuit,
1722 2185 1747 2215 e
1773 2172 1895 2227 lega-

325 2246 520 2289 tionibus
551 2245 797 2288 summatim
826 2245 873 2287 in
904 2245 1036 2288 titulo
1067 2244 1303 2287 nominatis
1335 2244 1392 2287 ad
1421 2244 1642 2287 minimum
1666 2256 1797 2286 unam
1816 2243 1896 2287 sub

326 2317 597 2371 Vespasiano
629 2316 819 2371 gessisse
849 2319 1035 2370 oportet,
1068 2328 1155 2369 qua
1185 2316 1239 2358 de
1271 2327 1404 2358 causa
1427 2315 1546 2358 inter
1565 2327 1701 2358 annos
1721 2314 1817 2358 fere
1839 2316 1896 2358 70

328 2392 374 2432 et
416 2390 471 2431 76
517 2388 564 2431 in
607 2401 832 2431 numerum
878 2387 1177 2431 aedificiorum
1222 2390 1426 2440 receptus
1473 2390 1542 2429 est
1586 2386 1664 2440 ita,
1709 2389 1761 2429 nt
1800 2398 1897 2429 eum

326 2460 545 2514 prioribus
589 2460 717 2502 huius
763 2459 898 2513 spatii
943 2459 1069 2502 annis
1114 2458 1190 2502 illo
1221 2458 1386 2501 honore
1417 2457 1622 2501 affectum
1653 2469 1749 2500 esse
1779 2457 1895 2501 veri·
1979 2447 1982 2451 ’

328 2532 468 2574 simile
498 2531 713 2575 videatur.

473 2698 508 2740 1)
533 2698 655 2732 noem.
682 2697 795 2732 san.
821 2698 839 2732 1
867 2698 948 2732 559.

470 2758 507 2793 2}
534 2758 609 2793 Vit.
636 2758 739 2792 Alex.
766 2758 823 2802 43,
852 2758 884 2792 3.

472 2818 509 2859 3)
534 2817 656 2852 Herm.
684 2817 842 2851 XXXIX
868 2816 937 2852 618
963 2828 1060 2860 seqq.

469 2876 507 2921 4)
532 2876 762 2914 Jahreshefte
787 2876 849 2914 des
869 2867 1084 2915 osterreich.
1103 2876 1380 2914 Archaol.1nst-.
1400 2876 1472 2911 Vn
1491 2875 1583 2911 1904
1607 2874 1769 2910 Beiblatt
1786 2885 1821 2920 p.
1836 2875 1895 2910 56.
