2046 3242
214 349 282 392 84.

226 2172 295 2214 86.

922 213 1219 254 -52-

592 342 669 385 Ti.
704 340 944 385 Claudius
976 340 1245 384 Frontinus
1276 339 1551 384 Niceratus.

427 426 588 470 'ritulis
609 425 852 469 Abellinati
885 424 981 468 CIL
1013 424 1056 468 X
1092 425 1204 468 1122
1237 423 1444 479 Argolico
1475 423 1575 481 CIG
1605 423 1628 468 Ι
1665 424 1778 468 1133
1803 442 1858 461 --

285 499 349 542 IG
381 497 444 540 IV
478 498 563 540 588
604 496 821 540 Laconico
853 495 952 540 CIG
983 496 1005 539 I
1042 496 1152 539 1327
1187 494 1360 539 collatis
1392 495 1437 539 hi
1469 495 1655 539 honores
1686 506 1859 550 compu-

286 573 453 612 tantur:
514 567 734 612 decemvir
784 567 980 611 stlitibus
1032 567 1292 620 iudicandis,
1354 567 1556 611 tribunus
1607 565 1862 611 laticlavius

286 640 471 694 legionis
502 639 566 682 IV
598 638 793 693 Flaviae,
831 643 1038 692 quaestor
1069 637 1329 682 candidatus
1359 637 1570 692 principis
1601 638 1658 681 M.
1690 636 1862 681 Aurelii

287 710 497 755 Antonini
524 710 713 766 Augusti
740 709 1002 764 Germanici,
1033 722 1111 763 pro
1143 713 1347 763 praetore
1379 709 1632 763 provinciae
1652 708 1863 764 Achaiae,

287 782 342 825 ab
376 781 487 825 actis
519 785 709 835 senatuS,
751 780 906 824 aedilis
939 780 1112 834 curulia
1150 784 1339 834 praetor,
1371 779 1534 823 sodalis
1564 778 1863 824 Hadrianalis.

431 853 550 896 Idem
577 852 783 896 Claudius
815 864 911 895 cum
942 851 1083 895 fratre
1114 864 1192 895 suo
1224 851 1623 907 monumentum,in
1653 851 1862 895 honorem

287 925 336 967 L.
368 924 538 967 Aurelii
570 924 675 967 Veri
709 923 942 967 collocavit
976 936 1013 966 a.
1049 924 1145 966 164.
1156 921 1189 979 ¹)

431 995 598 1051 Quibus
630 994 773 1038 titulis
806 994 979 1038 collatis
1008 994 1110 1048 quia
1138 1006 1251 1037 anno
1277 995 1360 1037 164
1383 994 1621 1039 Frontinus
1653 997 1863 1048 quaestor

288 1079 366 1120 pro
398 1070 602 1120 praetore
624 1066 818 1109 Achaiae
850 1066 987 1109 fuisse
1019 1065 1206 1119 videtur,
1239 1065 1356 1109 circa
1387 1078 1424 1109 a.
1451 1066 1534 1108 170
1557 1078 1654 1109 eum
1676 1064 1862 1109 aedilem

290 1137 482 1181 curulem
512 1137 743 1191 posuimus,

470 1278 527 1332 Q.
560 1278 746 1322 Ranius
778 1278 1046 1322 Terentius
1078 1278 1452 1322 Honoratianus
1490 1278 1684 1323 Festus.

434 1363 633 1406 Honores
675 1367 830 1407 extant
873 1363 917 1406 in
963 1363 1094 1406 titulo
1138 1362 1334 1406 Suasano
1367 1362 1464 1406 CIL
1495 1363 1563 1406 XI
1596 1363 1731 1406 6164:
1778 1361 1866 1406 tuit

293 1438 499 1487 quaestor
529 1434 782 1488 provinciae
814 1434 1002 1487 Siciliae,
1045 1434 1200 1477 aedilis
1233 1433 1407 1488 curulis,
1438 1438 1619 1488 praetor
1649 1434 1869 1490 tutelaris,

291 1505 543 1559 praefectus
564 1505 725 1548 aerarii
747 1505 963 1559 militaris,
983 1505 1158 1560 legatus
1179 1505 1345 1560 Lyciae
1365 1505 1664 1561 Pamphyliae,
1691 1505 1869 1560 legatus

292 1576 478 1631 legionis
509 1576 555 1619 H
587 1577 841 1630 Adiutricis,
874 1577 1104 1630 proconsul
1135 1576 1301 1631 Lyciae
1332 1576 1632 1631 Pamphyliae.

437 1647 515 1690 Cui
548 1648 688 1691 aetati
719 1648 887 1691 Ranius
919 1648 1231 1691 adscribendus
1267 1648 1338 1702 sit,
1384 1648 1430 1691 in
1461 1648 1713 1692 universum
1741 1648 1870 1692 modo

294 1719 590 1763 circumscribi
621 1724 779 1773 potest.
831 1719 944 1763 Eum
969 1732 1054 1763 non
1076 1724 1180 1763 ante
1201 1720 1258 1763 M.
1281 1719 1508 1763 Aurelium
1529 1719 1715 1763 honores
1736 1720 1868 1774 adep-

293 1790 387 1834 tum
418 1803 514 1834 esse
544 1795 755 1844 praetura
785 1791 969 1834 tutelari
1000 1791 1198 1844 docetur;
1230 1795 1364 1845 atque
1394 1791 1557 1834 cumin
1577 1790 1709 1834 titulo
1731 1790 1871 1835 citato

293 1862 538 1905 nominibus
566 1862 818 1906 adiunctum
839 1863 1092 1906 inveniatur
1112 1862 1195 1906 ‘vir
1216 1862 1485 1906 clarissimae
1505 1862 1763 1917 memoriae',
1793 1861 1872 1907 vix

296 1937 401 1976 ante
432 1933 707 1976 Commodum
737 1937 934 1977 mortuus
965 1946 1062 1977 esse
1091 1931 1326 1990 videtur.¹)
1381 1934 1550 1990 Quibus
1581 1933 1755 1977 indiciis
1784 1933 1873 1977 nisi

292 2003 569 2047 'aedilitatem
600 2005 718 2047 circa
741 2004 871 2048 finem
891 2006 1070 2048 secundi
1091 2006 1256 2050 saeculi
1276 2005 1510 2060 posuimus,
1542 2005 1657 2059 quod
1678 2017 1872 2060 compro-

295 2075 429 2118 batur
459 2088 589 2118 cursu
620 2074 880 2131 honorum.⁸)

973 2171 1198 2226 Ignotus.

441 2254 710 2308 Fragmenta
741 2256 824 2298 duo
856 2267 1098 2298 marmorea
1128 2255 1175 2297 in
1201 2240 1311 2297 urbe
1330 2259 1511 2309 reperta
1531 2254 1628 2298 CIL
1650 2254 1714 2297 VI
1738 2255 1873 2298 1569:

341 2359 349 2367 .
382 2359 391 2368 .
424 2325 517 2368 aed.
550 2338 637 2368 cur.
669 2325 877 2369 civitates
907 2359 917 2369 .
949 2360 960 2369 .
991 2360 1001 2369 .
1033 2329 1250 2380 aguntens
1289 2359 1299 2368 .
1332 2360 1341 2368 .
1374 2360 1383 2369 .
1423 2337 1634 2368 runenses
1675 2324 1871 2369 Celeien·

298 2408 368 2455 ses
401 2394 661 2453 [Ce]tienses
692 2430 702 2440 .
734 2431 743 2440 .
776 2431 785 2440 .
816 2409 973 2440 nenses
1004 2395 1326 2454 Ov[ilabenses]
1360 2431 1369 2439 .
1402 2431 1412 2440 .
1445 2431 1455 2439 .

441 2467 757 2511 Attribuerunt
802 2468 918 2511 hunc
952 2468 1131 2511 titulum
1162 2468 1354 2511 editores
1385 2480 1411 2511 e
1439 2468 1692 2512 litterarum
1721 2467 1876 2511 formis

297 2538 474 2607 saeculo
504 2538 600 2582 fere
626 2539 761 2584 tertio
792 2539 868 2593 ita,
900 2543 952 2583 ut
977 2539 1158 2583 litterae
1178 2539 1359 2583 frustuli
1378 2540 1509 2594 primi
1529 2539 1660 2593 paulo
1681 2539 1871 2583 vetusti·

299 2622 397 2653 ores
429 2622 525 2653 esse
555 2610 686 2654 visae'
711 2611 811 2655 sint

446 2751 483 2797 1)
508 2750 582 2788 Tit.
607 2751 828 2788 Messanicus
854 2752 934 2789 CIL
957 2752 1017 2788 111
1041 2753 1124 2787 495.

445 2810 483 2856 2)
508 2810 619 2846 Klein
635 2811 763 2847 »νει-π.
788 2811 809 2846 I
835 2811 915 2846 171.
944 2834 949 2838 -

446 2870 484 2915 3)
509 2870 688 2916 Borghesi
711 2881 768 2916 op.
794 2870 828 2906 V
853 2870 934 2906 388.

1888 339 1989 424 ‘²³1'
