1936 3216
801 655 1144 712 Praefatio.

332 824 505 867 Primus
524 824 744 879 Pighius
775 824 821 867 in
852 824 1084 868 annalibus
1093 822 1128 879 ι)
1150 836 1205 867 ex
1226 824 1424 868 fontibus
1444 824 1619 868 nomina
1640 824 1758 867 aedi-

188 895 294 939 lium
325 895 532 950 colligere
563 898 610 938 et
640 899 744 950 apte
765 895 998 950 disponere
1019 899 1202 939 conatus
1224 899 1303 938 est.
1355 895 1479 951 Quae
1500 907 1759 949 quamquam

189 965 427 1021 diligenter
456 966 688 1020 congessit,
720 970 878 1020 tamen,
915 970 967 1010 ut
997 966 1062 1010 ait
1094 965 1352 1010 Schubert
1358 964 1414 1021 ,¹)
1454 968 1581 1012 veluti
1610 982 1757 1023 opera·

187 1039 282 1085 rius
311 1039 544 1084 laboriosus
573 1039 904 1096 conquirendive
933 1039 1246 1096 cupidissimis,
1278 1039 1353 1093 qm·
1382 1053 1566 1095 usquam
1587 1039 1636 1083 in
1656 1040 1759 1083 seri·

187 1111 278 1157 niis
317 1111 453 1156 locum
491 1125 676 1156 vacuum
713 1111 898 1167 aspicere
935 1110 1069 1157 anxie
1105 1114 1328 1162 vereretur,
1368 1126 1423 1157 a
1461 1110 1759 1155 Romanorum

185 1182 379 1241 pentibus
415 1182 689 1228 nobilissimis
723 1184 917 1231 nomina,
955 1196 1065 1238 quae
1103 1184 1317 1240 posterius
1355 1184 1405 1228 in
1444 1182 1761 1240 maqistratilms

186 1253 476 1311 superioribus
510 1256 714 1311 occupata
743 1254 941 1311 repperit,
986 1254 1159 1311 colleqit,
1190 1258 1238 1298 ut
1265 1254 1412 1299 iisdem
1444 1258 1546 1311 apto
1576 1254 1758 1310 quodam

188 1322 404 1372 annorum
441 1326 664 1371 intervallo
702 1329 812 1370 retro
855 1329 1092 1383 computato
1131 1326 1391 1372 aedilitatem
1430 1326 1519 1371 eive
1553 1327 1757 1383 plebeiam

186 1398 275 1444 eive
313 1398 500 1442 curulem
538 1397 793 1453 attribueret,
841 1398 996 1453 quibus
1026 1412 1126 1442 mox
1165 1397 1450 1443 dub-‘tationis
1478 1398 1651 1455 siynum
1682 1398 1758 1441 ad·

188 1468 388 1523 haereret,
428 1483 528 1514 mooe
556 1469 652 1515 sine
680 1470 770 1514 ulla
800 1469 1050 1514 auctoritate
1079 1472 1236 1513 certum
1269 1470 1483 1525 quendam
1514 1469 1761 1526 adiunqeret

188 1554 370 1586 annum.

330 1610 414 1654 His
441 1611 590 1654 verbis
621 1610 815 1655 auctoris
845 1611 900 1654 de
931 1611 1162 1655 aedilitate
1184 1610 1462 1666 explananda
1482 1611 1592 1654 bene
1613 1610 1759 1654 meriti

187 1682 402 1726 rationem
431 1682 581 1736 Pighii
612 1682 775 1737 optime
805 1682 995 1726 describi
1026 1687 1240 1738 putamus.

329 1753 500 1797 Deinde
520 1753 638 1797 Frid.
660 1753 920 1797 Guilielmus
941 1753 1200 1798 Schubert
1231 1754 1277 1798 in
1302 1754 1415 1797 libro
1442 1754 1559 1797 infra
1579 1754 1759 1797 laudato

187 1824 363 1869 tabulas
409 1825 613 1869 aedilium
659 1825 869 1869 restituit.
931 1825 1016 1881 Qui
1061 1826 1146 1869 etsi
1177 1826 1327 1869 multis
1359 1826 1581 1869 erroribus
1612 1825 1759 1879 Pighii

188 1896 398 1941 correctis
429 1895 710 1950 fontibusque
741 1909 906 1940 summa
933 1909 1030 1941 cum
1051 1897 1284 1952 diligentia
1306 1897 1569 1940 examinatis
1590 1909 1761 1952 semper

188 1967 329 2012 solida
358 1967 642 2012 fundamenta
681 1968 840 2011 studiis
871 1968 1175 2012 subtilioribus
1212 1970 1267 2011 de
1298 1969 1543 2012 aedilitatis
1574 1968 1760 2011 historia

188 2039 470 2084 instituendis
500 2039 743 2095 praebebit,
775 2043 923 2083 tamen
954 2040 1066 2084 satis
1097 2044 1305 2084 accurata
1335 2040 1498 2083 notitia
1518 2046 1759 2094 temporum

188 2111 373 2155 rationis
418 2111 562 2155 caruit
603 2123 684 2154 nec
729 2123 901 2166 semper
945 2112 1143 2167 respexit
1181 2112 1385 2167 potuitve
1425 2112 1644 2167 respicere
1685 2124 1760 2154 eas

189 2182 472 2236 condiciones,
517 2182 673 2236 quibus
713 2195 864 2226 cursus
895 2183 1105 2227 honorum
1135 2184 1278 2227 teneri
1311 2183 1592 2238 singulosque
1623 2183 1755 2237 magi·

188 2256 356 2297 stratus
385 2253 504 2298 inter
534 2266 582 2297 se
612 2254 815 2298 distineri
846 2254 976 2298 hodie
1008 2259 1276 2310 compertum
1307 2255 1528 2298 habemus

329 2325 439 2369 Tum
484 2325 799 2369 Franciscus
845 2324 1144 2382 Garofalo⁸)
1191 2326 1332 2370 fastos
1375 2326 1581 2369 aedilium
1618 2325 1760 2380 plebis

188 2396 254 2440 rei
283 2396 485 2451 publicae
515 2397 739 2441 Romanae
769 2397 938 2441 liberae
968 2398 1275 2452 redintegrare
1306 2398 1476 2441 studuit
1508 2398 1593 2440 iam
1627 2402 1760 2440 antea

332 2501 369 2546 1)
393 2501 598 2549 Stephanus
610 2503 802 2540 Vinandus
817 2503 1021 2550 Pighius,
1048 2504 1197 2540 annales
1215 2504 1468 2548 Romanorum,
1495 2503 1558 2548 qui
1584 2514 1759 2538 commen-

187 2560 275 2598 tarii
298 2560 415 2597 vicem
439 2562 610 2607 supplent
638 2562 678 2599 in
708 2573 832 2599 omnes
857 2567 1000 2599 veteres
1024 2563 1199 2599 historiae
1223 2564 1407 2599 Romanae
1432 2563 1627 2607 scriptores
1651 2574 1759 2607 opera

188 2620 354 2659 Andreae
378 2619 519 2657 Schotti
542 2621 754 2667 recensitus,
780 2622 871 2659 tomi
895 2622 964 2658 111.
1014 2623 1239 2668 Antverpiae
1267 2623 1512 2658 1599—1615.

329 2680 368 2724 2)
393 2679 492 2716 Frid.
518 2679 735 2717 Guilielmns
759 2681 1016 2727 Schubert‚
1043 2682 1088 2717 de
1112 2682 1357 2718 Romanorum
1383 2682 1562 2717 aedilibus
1586 2681 1670 2717 libri
1696 2682 1758 2716 IV.

187 2738 414 2785 Regimontii
440 2738 532 2775 1828
556 2750 591 2784 p.
609 2739 691 2776 276.

330 2798 369 2842 3)
393 2799 666 2834 Francesco
690 2798 944 2846 Garofalo,
970 2800 990 2836 1
1013 2800 1103 2837 fasti
1129 2800 1229 2846 degli
1253 2800 1341 2836 edili
1365 2800 1482 2846 plebei
1501 2801 1596 2836 della
1612 2810 1759 2835 romana

188 2857 407 2903 repubhlica.
457 2857 667 2903 Appendice
690 2858 727 2894 ai
750 2858 855 2895 Fasti
879 2858 939 2895 dei
961 2859 1103 2896 tribuni
1126 2859 1256 2905 plebei.
1307 2859 1462 2895 catania
1488 2859 1590 2894 1891.
