2046 3242
899 758 982 803 III.

500 840 675 896 Fasti
712 840 1013 897 aedilium
1051 841 1380 897 curulium.

651 1008 718 1053 M.
751 1009 1015 1054 Barbatia·
1046 1009 1236 1054 Pollio.

296 1092 558 1136 Nominatur
600 1092 647 1137 in
692 1093 978 1149 inscriptione
1022 1095 1192 1139 urbana
1236 1106 1377 1149 nuper
1418 1093 1464 1138 in
1506 1093 1726 1148 publicum

68 1141 72 1162 ⁷
153 1162 391 1220 prolata21)
442 1164 499 1208 M
545 1165 785 1209 Barbatius
834 1165 976 1210 Pouio
1025 1165 1219 1222 mimis)
1270 1164 1471 1221 carduis)
1523 1165 1726 1209 Iuturuai

153 1247 324 1279 sacrum
354 1240 413 1287 <
429 1236 665 1292 rest(ituit)
696 1236 849 1291 puteal
867 1237 934 1292 >.

295 1307 469 1351 Titulus
501 1320 525 1351 e
556 1307 806 1352 litterarum
836 1308 988 1352 formis
1018 1309 1287 1364 temporibus
1315 1308 1507 1363 Augusti
1529 1308 1600 1352 vel
1622 1308 1724 1352 ulti·

152 1378 234 1423 mis
263 1379 329 1422 rei
359 1379 562 1433 publicae
592 1379 759 1423 liberae
791 1380 1100 1424 attribuendus
1131 1378 1256 1436 est.¹)

294 1450 556 1494 Attulerunt
602 1451 794 1495 editores
839 1451 980 1495 locum
1026 1451 1355 1496 Ciceronianum
1395 1451 1508 1496 Phil.
1530 1451 1646 1495 XIII
1678 1453 1724 1494 3:

44 1543 45 1546 ¹
69 1554 72 1555 ν
150 1521 316 1566 Addite
336 1521 415 1565 illa
434 1521 670 1577 naufragia
690 1522 892 1567 Caesaris
912 1523 1147 1567 amicorum
1168 1523 1340 1567 Barbas
1361 1522 1535 1566 Cassios
1555 1523 1722 1566 Barba·

150 1592 238 1637 tios
267 1592 499 1637 Polliones.

292 1664 363 1708 Ad
394 1666 577 1709 eundem
597 1665 856 1710 Barbetium
887 1678 914 1709 a
945 1665 1153 1709 Cicerone
1184 1665 1454 1710 nominatum
1476 1665 1723 1719 antiquitus

78 1767 79 1770 η
149 1735 318 1780 relatus
363 1740 433 1779 est
478 1736 554 1780 ille
592 1737 844 1792 Barbatius,
891 1749 1017 1791 quem
1064 1741 1371 1781 commemorat
1401 1738 1512 1792 App.
1543 1738 1583 1781 b.
1615 1750 1649 1781 c.
1683 1738 1722 1781 V

150 1807 204 1851 31
253 1811 529 1862 quaestorem
572 1808 675 1852 anni
722 1809 807 1852 713
825 1828 880 1845 =
899 1810 968 1853 41.
1029 1808 1223 1865 Quocum
1266 1809 1493 1864 coniungit
1539 1807 1721 1864 Klebs⁸)

78 1875 79 1878 ’
149 1879 206 1923 Μ.
227 1879 490 1923 Barbarium
530 1879 613 1936 (sic
652 1880 864 1925 exhibent
895 1880 1086 1935 codices)
1127 1881 1183 1924 ab
1215 1880 1404 1935 Ulpiano
1434 1880 1579 1935 Dig.1
1605 1882 1671 1934 14,
1693 1882 1720 1924 3

73 1978 75 1982 ι
148 1950 215 1995 ita
244 1950 485 1995 inductum:
516 1951 759 1996 Barbarius
779 1951 1011 2006 Philippus
1041 1964 1139 1996 cum
1170 1964 1325 1996 servus
1352 1951 1570 2006 fugitivus
1591 1956 1721 2006 esset,

147 2021 312 2067 Romae
341 2026 595 2077 praeturam
625 2023 757 2078 petiit
789 2027 835 2067 et
864 2027 1046 2078 praetor
1075 2023 1334 2078 designatus
1365 2028 1445 2067 est.
1492 2023 1579 2067 Sed
1610 2024 1720 2067 nihil

148 2093 190 2137 ei
234 2094 494 2138 servitutem
540 2094 777 2138 obstetisse
823 2095 889 2139 ait
919 2095 1193 2150 Pomponius,
1239 2095 1366 2150 qnasi
1411 2099 1593 2151 praetor
1634 2108 1719 2139 non

147 2163 301 2219 fuerit3
332 2165 488 2219 atquin
517 2178 669 2210 verum
701 2169 771 2209 est
801 2169 1014 2221 praetura
1044 2179 1141 2211 eum
1171 2166 1379 2211 functum.

289 2236 442 2290 Neque
480 2239 629 2280 tamen
659 2237 831 2292 nummi,
875 2237 1032 2291 quibus
1062 2238 1120 2281 M.
1149 2237 1411 2282 Barbatium
1442 2242 1718 2292 quaestorem

146 2306 285 2351 fuisse
315 2308 396 2351 sub
421 2307 613 2352 Antonio
645 2320 683 2351 a.
711 2309 796 2351 713
815 2327 869 2344 =
888 2309 942 2352 41
978 2307 1315 2364 confirmatur,⁴)
1347 2321 1584 2364 cognomen
1614 2310 1717 2352 Phi-

146 2377 255 2433 lippi
286 2379 506 2434 exhibent,
551 2391 693 2432 neque
737 2379 968 2433 quicquam
997 2380 1262 2434 Pomponius
1293 2381 1346 2423 de
1377 2380 1609 2423 aedilitate
1639 2386 1718 2424 aut

147 2453 386 2504 quaestura
415 2450 605 2505 disserit,
637 2463 766 2504 quam
787 2450 863 2494 ille
883 2451 1127 2495 Barbarius
1147 2464 1234 2495 non
1254 2451 1396 2495 minus
1417 2455 1572 2495 contra
1595 2452 1716 2506 leges

44 2502 47 2571 ᾗ
74 2587 75 2590 ¹
147 2521 332 2577 adeptus
378 2525 496 2566 esset
541 2534 670 2576 quam
699 2526 966 2577 praeturam.
1027 2523 1187 2577 Itaque
1217 2523 1526 2578 inscriptiones
1556 2523 1717 2578 lapidis

290 2640 326 2685 1)
351 2640 432 2676 Chr.
457 2639 627 2685 Hnelsen,
654 2640 755 2676 Neue
779 2639 1000 2677 Inachriften
1024 2651 1107 2677 vom
1132 2640 1265 2676 Forum
1290 2641 1505 2676 Romanum.
1542 2641 1716 2686 Beitrflge

145 2708 211 2735 zur
235 2698 335 2735 alten
359 2698 575 2735 Geschichte
598 2698 638 2735 11
662 2699 743 2736 234.

287 2757 326 2804 2)
351 2758 432 2795 Chr.
458 2759 630 2804 Huelsem
656 2759 722 2795 das
745 2759 880 2796 Forum
904 2759 1119 2796 Romanum.
1169 2760 1262 2796 Rom
1289 2760 1382 2795 1904
1406 2771 1441 2805 p.
1462 2759 1541 2796 133.

86 2898 95 2925 ·.
286 2817 326 2922 ἓξ
349 2817 580 2923 llinallffloffi²
607 2877 827 2923 description
850 2877 1051 2924 historique
1075 2882 1114 2915 et
1138 2878 1419 2924 chronologique
1443 2879 1506 2915 des
1528 2877 1714 2914 monnaies

92 2934 93 2939 ’
145 2935 190 2973 de
211 2936 249 2972 la
271 2936 486 2983 republique
509 2936 686 2973 Romaine
709 2937 730 2973 I
752 2948 787 2983 p.
805 2937 887 2974 256.

1727 1009 1940 1045 2716=38.
