1936 3216
878 221 1142 264 —2-

227 353 357 397 fastis
389 353 659 396 tribunorum
692 352 832 407 plebis
865 352 1005 396 editis,
1053 351 1136 408 Qui
1162 364 1322 407 magna
1342 351 1545 395 cautione
1568 350 1610 395 in
1632 351 1791 395 consti·

227 425 401 467 tuendis
442 424 566 467 annis
607 436 709 466 usus
747 436 830 467 non
864 436 926 477 ea,
975 436 1061 477 qua
1106 436 1188 477 par
1233 427 1312 477 est,
1360 435 1465 466 cura
1496 428 1629 476 atque
1660 435 1794 478 opera

227 496 344 538 inter
390 495 554 538 aediles
601 494 795 548 plebeios
842 498 887 537 et
933 494 1105 538 curules
1153 494 1356 538 distinxit
1396 507 1535 548 neque
1579 494 1792 537 rationem

227 566 381 609 habuit
413 565 650 619 titulorum,
684 565 756 618 qui
789 569 880 608 tum
912 565 1133 608 eruderati
1167 570 1304 609 erant.

369 637 427 680 Hi
475 636 559 680 viri
607 636 724 679 docti
771 636 945 679 nomina
985 636 1188 680 aedilium
1230 649 1258 680 a
1297 637 1585 691 scriptoribus
1625 636 1794 680 tradita

227 708 482 761 conquirere
515 712 560 751 et
592 719 847 762 componere
879 707 990 751 satis
1016 707 1263 751 habuerunt
1285 712 1418 761 atque
1440 708 1568 762 plane
1590 708 1792 762 neglexe-

227 783 329 822 runt
376 779 445 822 vel
494 779 682 822 strictim
730 782 900 822 tautum
948 784 1393 823 commemoraverunt
1436 783 1655 833 tamqnam
1702 791 1792 822 rem

226 850 414 894 raritate
461 850 697 893 notabilem
744 850 916 903 titulos,
963 850 1037 903 qui
1083 862 1197 894 nunc
1243 850 1393 894 collati
1439 850 1674 904 magnifico
1717 849 1793 893 illo

226 934 357 975 opere
405 935 431 964 a
476 922 704 965 Theodoro
751 922 987 965 Mommsen
1031 921 1235 965 incohato
1276 920 1410 965 talem
1450 917 1681 975 praebent
1704 920 1793 964 fru-

227 997 354 1047 ctum,
380 997 430 1036 ut
452 1005 546 1036 cum
568 993 850 1047 suppeditent
871 992 1036 1036 fontem
1062 992 1324 1036 uberrimum
1345 992 1532 1041 notitiae
1554 992 1793 1046 antiquitae

226 1068 317 1107 tum
358 1064 648 1107 Romanarum
689 1067 781 1107 tum
822 1063 1048 1117 aliquanto
1090 1063 1294 1108 auxerint
1337 1075 1558 1107 nnmerum
1603 1064 1792 1108 virorum

226 1135 456 1178 aedilitate
497 1135 742 1179 functorum
778 1147 863 1178 non
895 1136 1019 1178 modo
1052 1135 1320 1190 temporibus
1351 1135 1520 1190 imperii
1553 1136 1629 1179 sed
1661 1135 1794 1179 etiam

226 1211 375 1250 aetate
417 1207 480 1249 rei
521 1206 723 1261 publicae
762 1206 939 1250 liberae.
1002 1206 1153 1260 Neque
1192 1206 1361 1250 Hector
1399 1207 1453 1250 de
1485 1206 1793 1262 Ruggier01)

226 1278 399 1321 nomina
439 1278 643 1321 aedilium
682 1278 1039 1332 inscriptionibus
1079 1277 1271 1332 lapidum
1312 1282 1358 1321 et
1397 1290 1663 1322 nummorum
1703 1291 1792 1322 ser-

226 1354 343 1403 vata,
386 1361 565 1402 quorum
607 1349 776 1393 scilicet
816 1362 1019 1393 numerus
1050 1349 1118 1392 his
1150 1350 1499 1402 quattuordecim
1531 1350 1657 1393 annis
1689 1363 1793 1394 non-

226 1420 334 1463 nihil
368 1420 658 1474 amplificatus
690 1424 769 1474 est,
800 1420 1049 1464 litterarum
1081 1420 1233 1463 ordine
1263 1420 1494 1475 disponere
1523 1421 1681 1465 omisit.

372 1492 506 1535 Nobis
552 1492 690 1545 primo
736 1492 782 1535 in
828 1491 970 1535 animo
1017 1491 1103 1535 fuit
1149 1491 1290 1535 fastos
1332 1492 1537 1536 aedilium
1581 1498 1795 1547 quotquot

229 1563 500 1606 innotuerint
541 1566 587 1605 et
618 1563 682 1605 rei
714 1563 915 1617 publicae
946 1563 1113 1606 liberae
1145 1567 1190 1606 et
1221 1563 1392 1617 imperii
1423 1563 1630 1618 colligere
1661 1577 1793 1608 anno·

228 1647 407 1687 rumque
439 1634 590 1677 ordine
621 1647 862 1688 conserere,
895 1647 1153 1688 quamquam
1184 1634 1309 1678 uobis
1336 1635 1453 1678 haud
1474 1635 1605 1678 facile
1626 1636 1793 1679 contin·

228 1718 333 1760 gere
373 1718 499 1759 posse
531 1718 616 1748 non
648 1706 965 1760 ignorabamus
1006 1711 1058 1749 ut
1087 1706 1264 1749 tabulas
1294 1706 1625 1750 restitueremus
1656 1708 1794 1751 conti·

227 1789 336 1820 nuas
383 1777 666 1831 integrasque
712 1781 934 1831 tamquam
984 1777 1260 1821 simulacrum
1310 1778 1574 1832 praebentes
1624 1778 1795 1822 illorum

228 1848 452 1898 fastorum,
485 1849 559 1901 qui
590 1849 774 1902 repositi
805 1853 933 1892 erant
964 1849 1010 1892 111
1041 1849 1261 1892 tabulario
1293 1849 1509 1893 aedilium.
1556 1851 1618 1893 At
1649 1854 1796 1894 tamen

227 1920 273 1963 id
314 1932 483 1972 quoque
529 1932 689 1974 operae
734 1920 925 1974 pretium
965 1933 1061 1964 esse
1092 1921 1336 1964 censuimus
1366 1921 1551 1976 singulis
1581 1921 1796 1966 aedilibus

229 2003 357 2044 quam
383 1991 485 2033 fieri
515 1995 664 2045 posset
697 1991 1025 2035 accuratissime
1055 1992 1242 2046 tempori
1274 1996 1394 2035 certo
1426 1993 1662 2046 adscriptis
1693 2005 1795 2037 exa·

227 2062 404 2115 minare,
446 2066 661 2114 quatenus
698 2075 778 2116 pro
819 2067 940 2106 certo
984 2063 1147 2106 habere
1177 2063 1312 2106 liceat
1343 2067 1389 2106 et
1421 2065 1630 2117 quomodo
1662 2065 1795 2108 corri-

227 2134 371 2186 genda
411 2133 484 2176 vel
524 2133 766 2187 supplenda
805 2134 895 2177 sint
932 2147 995 2188 ea,
1037 2147 1149 2187 quae
1189 2135 1528 2188 disputaverunt
1558 2136 1612 2178 de
1643 2136 1795 2180 aedili-

228 2208 323 2246 tate
355 2204 533 2257 eiusque
563 2204 658 2247 loco
690 2205 736 2247 in
767 2217 896 2248 cursu
927 2205 1136 2248 honorum
1167 2206 1254 2248 viri
1285 2206 1414 2249 docti.

370 2276 518 2328 Atque
556 2276 682 2319 nobis
721 2276 895 2319 iamiam
936 2277 992 2319 ad
1030 2277 1150 2319 illius
1189 2277 1334 2330 operis
1374 2277 1520 2320 limam
1550 2279 1795 2333 progressis

227 2347 418 2389 occurrit
457 2347 712 2390 dissertatio
753 2348 977 2402 superiore
1017 2361 1129 2391 anno
1170 2349 1226 2391 ab
1262 2349 1456 2402 Josepho
1489 2349 1708 2405 Seidel²)
1749 2351 1793 2393 in

226 2418 446 2471 publicum
490 2418 676 2472 prolata,
724 2419 798 2472 qui
844 2419 1007 2473 optime
1052 2419 1207 2473 omnia,
1255 2432 1367 2472 quae
1398 2420 1453 2463 de
1483 2421 1699 2464 aedilibus
1729 2422 1794 2465 rei

226 2489 428 2543 publicae
464 2489 631 2533 liberae
669 2490 896 2544 disputata
925 2490 1108 2544 invenit,
1140 2490 1389 2544 complexus
1419 2491 1561 2534 fastos
1592 2492 1793 2547 confecit,

228 2560 383 2613 quibus
423 2560 733 2627 locupletiores
772 2562 849 2605 vix
889 2562 1067 2604 restitui
1106 2565 1300 2616 possunt,
1341 2562 1428 2605 etsi
1466 2563 1592 2605 nobis
1631 2564 1792 2617 passim

371 2704 407 2748 1)
432 2703 642 2739 Dizionario
667 2703 866 2749 epigrafico
891 2703 930 2739 di
953 2704 1135 2741 antichita
1157 2705 1320 2740 Romane
1334 2705 1365 2741 1.
1402 2705 1519 2741 Roma
1542 2705 1634 2741 1895
1658 2716 1694 2751 p.
1710 2705 1792 2741 219.

226 2762 307 2798 222.
333 2762 414 2798 226.
440 2763 486 2797 22
513 2791 521 2798 .
1321 2788 1326 2792 -

368 2821 407 2867 2)
431 2763 536 2858 Fasgti
561 2822 719 2858 aedilicii
742 2833 814 2858 von
839 2822 902 2858 der
925 2823 1172 2869 Einrichtung
1197 2824 1260 2860 der
1283 2823 1511 2869 plebeischen
1533 2823 1711 2860 Aedilitat
1735 2823 1792 2860 bis

226 2892 309 2916 zum
334 2881 432 2917 'rode
457 2882 616 2918 Caesars.
665 2882 1114 2928 Inauguraldissertation.
1163 2883 1315 2919 Breslau
1341 2883 1444 2920 1908.
