<?xml version="1.0" encoding="UTF-8"?>
<!DOCTYPE html PUBLIC "-//W3C//DTD XHTML 1.0 Transitional//EN"
    "http://www.w3.org/TR/xhtml1/DTD/xhtml1-transitional.dtd">
<html xmlns="http://www.w3.org/1999/xhtml" xml:lang="en" lang="en">
 <head>
  <title>
</title>
<meta http-equiv="Content-Type" content="text/html;charset=utf-8" />
  <meta name='ocr-system' content='tesseract 3.04.00' />
  <meta name='ocr-capabilities' content='ocr_page ocr_carea ocr_par ocr_line ocrx_word'/>
</head>
<body>
  <div class='ocr_page' id='page_1' title='image "./fastiaediliciiin00heil_0025.png"; bbox 0 0 2046 3242; ppageno 0'>
   <div class='ocr_carea' id='block_1_1' title="bbox 0 0 196 3242">
    <p class='ocr_par' dir='ltr' id='par_1_1' title="bbox 0 0 196 3242">
     <span class='ocr_line' id='line_1_1' title="bbox 0 0 196 3242; baseline 0 0"><span class='ocrx_word' id='word_1_1' title='bbox 0 0 196 3242; x_wconf 95' lang='lat' dir='ltr'><strong> </strong></span> 
     </span>
    </p>
   </div>
   <div class='ocr_carea' id='block_1_2' title="bbox 841 199 1139 270">
    <p class='ocr_par' dir='ltr' id='par_1_2' title="bbox 841 199 1139 270">
     <span class='ocr_line' id='line_1_2' title="bbox 841 199 1139 270; baseline 0 -12"><span class='ocrx_word' id='word_1_2' title='bbox 841 250 899 258; x_wconf 83' lang='lat'><strong>--</strong></span> <span class='ocrx_word' id='word_1_3' title='bbox 963 199 1139 270; x_wconf 58' lang='lat'><strong>1⁴}-</strong></span> 
     </span>
    </p>
   </div>
   <div class='ocr_carea' id='block_1_3' title="bbox 690 355 1293 404">
    <p class='ocr_par' dir='ltr' id='par_1_3' title="bbox 690 355 1293 404">
     <span class='ocr_line' id='line_1_3' title="bbox 690 355 1293 404; baseline 0.003 -4"><span class='ocrx_word' id='word_1_4' title='bbox 690 355 757 400; x_wconf 85' lang='lat' dir='ltr'><strong>M.</strong></span> <span class='ocrx_word' id='word_1_5' title='bbox 789 355 1056 400; x_wconf 81' lang='lat' dir='ltr'><strong>Cornelius</strong></span> <span class='ocrx_word' id='word_1_6' title='bbox 1088 356 1293 404; x_wconf 73' lang='lat' dir='ltr'><strong>Fronto.</strong></span> 
     </span>
    </p>
   </div>
   <div class='ocr_carea' id='block_1_4' title="bbox 204 439 1778 1209">
    <p class='ocr_par' dir='ltr' id='par_1_4' title="bbox 207 439 1778 638">
     <span class='ocr_line' id='line_1_4' title="bbox 348 439 1777 494; baseline -0.001 -10"><span class='ocrx_word' id='word_1_7' title='bbox 348 441 548 485; x_wconf 81' lang='lat' dir='ltr'>Honores</span> <span class='ocrx_word' id='word_1_8' title='bbox 588 441 716 484; x_wconf 91' lang='lat' dir='ltr'><strong>huius</strong></span> <span class='ocrx_word' id='word_1_9' title='bbox 756 439 866 484; x_wconf 91' lang='lat' dir='ltr'><strong>clari</strong></span> <span class='ocrx_word' id='word_1_10' title='bbox 908 440 1097 484; x_wconf 90' lang='lat' dir='ltr'><strong>oratoris</strong></span> <span class='ocrx_word' id='word_1_11' title='bbox 1128 443 1175 484; x_wconf 90' lang='lat' dir='ltr'><strong>et</strong></span> <span class='ocrx_word' id='word_1_12' title='bbox 1204 440 1480 494; x_wconf 86' lang='lat' dir='ltr'><strong>grammatici</strong></span> <span class='ocrx_word' id='word_1_13' title='bbox 1512 440 1777 484; x_wconf 80' lang='lat' dir='ltr'>exhibentur</span> 
     </span>
     <span class='ocr_line' id='line_1_5' title="bbox 207 511 1778 567; baseline 0 -12"><span class='ocrx_word' id='word_1_14' title='bbox 207 512 252 556; x_wconf 90' lang='lat' dir='ltr'><strong>in</strong></span> <span class='ocrx_word' id='word_1_15' title='bbox 282 511 567 567; x_wconf 84' lang='lat' dir='ltr'><strong>inscriptione</strong></span> <span class='ocrx_word' id='word_1_16' title='bbox 598 511 843 556; x_wconf 90' lang='lat' dir='ltr'><strong>Calamensi</strong></span> <span class='ocrx_word' id='word_1_17' title='bbox 872 511 1102 556; x_wconf 78' lang='lat' dir='ltr'><strong>Numidiae</strong></span> <span class='ocrx_word' id='word_1_18' title='bbox 1133 511 1230 555; x_wconf 90' lang='lat' dir='ltr'><strong>CIL</strong></span> <span class='ocrx_word' id='word_1_19' title='bbox 1262 511 1374 555; x_wconf 90' lang='lat' dir='ltr'><strong>VIII</strong></span> <span class='ocrx_word' id='word_1_20' title='bbox 1406 512 1541 555; x_wconf 87' lang='lat'>5350:</span> <span class='ocrx_word' id='word_1_21' title='bbox 1571 511 1778 555; x_wconf 86' lang='lat' dir='ltr'><strong>triumvir</strong></span> 
     </span>
     <span class='ocr_line' id='line_1_6' title="bbox 208 582 1696 638; baseline -0.001 -11"><span class='ocrx_word' id='word_1_22' title='bbox 208 583 422 638; x_wconf 86' lang='lat' dir='ltr'><strong>capitalis,</strong></span> <span class='ocrx_word' id='word_1_23' title='bbox 445 587 654 637; x_wconf 78' lang='lat' dir='ltr'><strong>quaestor</strong></span> <span class='ocrx_word' id='word_1_24' title='bbox 672 583 926 638; x_wconf 88' lang='lat' dir='ltr'><strong>provinciae</strong></span> <span class='ocrx_word' id='word_1_25' title='bbox 946 582 1136 637; x_wconf 77' lang='lat' dir='ltr'><strong>Siciliae,</strong></span> <span class='ocrx_word' id='word_1_26' title='bbox 1157 582 1314 627; x_wconf 87' lang='lat' dir='ltr'><strong>aedilis</strong></span> <span class='ocrx_word' id='word_1_27' title='bbox 1333 582 1486 637; x_wconf 86' lang='lat' dir='ltr'><strong>plebis,</strong></span> <span class='ocrx_word' id='word_1_28' title='bbox 1506 586 1696 637; x_wconf 83' lang='lat' dir='ltr'><strong>praetor.</strong></span> 
     </span>
    </p>

    <p class='ocr_par' dir='ltr' id='par_1_5' title="bbox 204 652 1776 1209">
     <span class='ocr_line' id='line_1_7' title="bbox 350 652 1776 710; baseline -0.001 -12"><span class='ocrx_word' id='word_1_29' title='bbox 350 654 631 699; x_wconf 79' lang='lat' dir='ltr'><strong>Consulatum</strong></span> <span class='ocrx_word' id='word_1_30' title='bbox 661 654 802 710; x_wconf 78' lang='lat' dir='ltr'><strong>gessit</strong></span> <span class='ocrx_word' id='word_1_31' title='bbox 831 667 912 709; x_wconf 88' lang='lat' dir='ltr'><strong>per</strong></span> <span class='ocrx_word' id='word_1_32' title='bbox 941 655 1049 698; x_wconf 86' lang='lat' dir='ltr'><strong>duos</strong></span> <span class='ocrx_word' id='word_1_33' title='bbox 1079 666 1249 698; x_wconf 87' lang='lat' dir='ltr'><strong>meuses</strong></span> <span class='ocrx_word' id='word_1_34' title='bbox 1281 654 1383 698; x_wconf 90' lang='lat' dir='ltr'><strong>anni</strong></span> <span class='ocrx_word' id='word_1_35' title='bbox 1418 655 1514 707; x_wconf 85' lang='lat'><strong>143,</strong></span> <span class='ocrx_word' id='word_1_36' title='bbox 1525 652 1559 709; x_wconf 81' lang='grc' dir='ltr'><strong>ι)</strong></span> <span class='ocrx_word' id='word_1_37' title='bbox 1603 657 1650 698; x_wconf 91' lang='lat' dir='ltr'><strong>et</strong></span> <span class='ocrx_word' id='word_1_38' title='bbox 1680 666 1776 697; x_wconf 89' lang='lat' dir='ltr'><strong>cum</strong></span> 
     </span>
     <span class='ocr_line' id='line_1_8' title="bbox 207 725 1776 780; baseline 0 -11"><span class='ocrx_word' id='word_1_39' title='bbox 207 737 305 769; x_wconf 90' lang='lat' dir='ltr'><strong>eum</strong></span> <span class='ocrx_word' id='word_1_40' title='bbox 334 725 561 769; x_wconf 80' lang='lat' dir='ltr'><strong>Hadriano</strong></span> <span class='ocrx_word' id='word_1_41' title='bbox 601 726 845 780; x_wconf 81' lang='lat' dir='ltr'><strong>imperante</strong></span> <span class='ocrx_word' id='word_1_42' title='bbox 886 729 1163 779; x_wconf 87' lang='lat' dir='ltr'><strong>quaestorem</strong></span> <span class='ocrx_word' id='word_1_43' title='bbox 1198 725 1336 768; x_wconf 83' lang='lat' dir='ltr'><strong>fuisse</strong></span> <span class='ocrx_word' id='word_1_44' title='bbox 1366 725 1412 769; x_wconf 91' lang='lat' dir='ltr'><strong>in</strong></span> <span class='ocrx_word' id='word_1_45' title='bbox 1443 738 1509 780; x_wconf 89' lang='lat' dir='ltr'><strong>ep.</strong></span> <span class='ocrx_word' id='word_1_46' title='bbox 1541 725 1776 769; x_wconf 84' lang='lat' dir='ltr'><strong>Frontonis</strong></span> 
     </span>
     <span class='ocr_line' id='line_1_9' title="bbox 206 794 1776 852; baseline -0.001 -11"><span class='ocrx_word' id='word_1_47' title='bbox 206 797 253 841; x_wconf 94' lang='lat' dir='ltr'><strong>II</strong></span> <span class='ocrx_word' id='word_1_48' title='bbox 277 798 298 840; x_wconf 93' lang='lat'>1</span> <span class='ocrx_word' id='word_1_49' title='bbox 323 796 380 852; x_wconf 93' lang='lat' dir='ltr'><strong>(p.</strong></span> <span class='ocrx_word' id='word_1_50' title='bbox 404 798 460 841; x_wconf 87' lang='lat'><strong>25</strong></span> <span class='ocrx_word' id='word_1_51' title='bbox 481 797 648 852; x_wconf 86' lang='lat' dir='ltr'><strong>Naber)</strong></span> <span class='ocrx_word' id='word_1_52' title='bbox 679 797 900 851; x_wconf 85' lang='lat' dir='ltr'><strong>doceatur,</strong></span> <span class='ocrx_word' id='word_1_53' title='bbox 932 800 1036 841; x_wconf 88' lang='lat' dir='ltr'><strong>ante</strong></span> <span class='ocrx_word' id='word_1_54' title='bbox 1058 810 1095 840; x_wconf 90' lang='lat' dir='ltr'><strong>a.</strong></span> <span class='ocrx_word' id='word_1_55' title='bbox 1120 798 1204 840; x_wconf 87' lang='lat'><strong>113</strong></span> <span class='ocrx_word' id='word_1_56' title='bbox 1226 800 1357 841; x_wconf 85' lang='lat' dir='ltr'><strong>natus</strong></span> <span class='ocrx_word' id='word_1_57' title='bbox 1379 800 1468 850; x_wconf 86' lang='lat' dir='ltr'><strong>est;</strong></span> <span class='ocrx_word' id='word_1_58' title='bbox 1498 794 1776 852; x_wconf 49' lang='lat' dir='ltr'><strong>Mommsen&amp;</strong></span> 
     </span>
     <span class='ocr_line' id='line_1_10' title="bbox 206 867 1776 921; baseline 0 -10"><span class='ocrx_word' id='word_1_59' title='bbox 206 867 453 912; x_wconf 89' lang='lat' dir='ltr'><strong>Cornelium</strong></span> <span class='ocrx_word' id='word_1_60' title='bbox 482 868 601 912; x_wconf 89' lang='lat' dir='ltr'><strong>inter</strong></span> <span class='ocrx_word' id='word_1_61' title='bbox 630 880 767 911; x_wconf 86' lang='lat' dir='ltr'><strong>annos</strong></span> <span class='ocrx_word' id='word_1_62' title='bbox 797 869 882 911; x_wconf 95' lang='grc'><strong>100</strong></span> <span class='ocrx_word' id='word_1_63' title='bbox 904 871 951 911; x_wconf 92' lang='lat' dir='ltr'><strong>et</strong></span> <span class='ocrx_word' id='word_1_64' title='bbox 975 869 1059 911; x_wconf 94' lang='grc'><strong>110</strong></span> <span class='ocrx_word' id='word_1_65' title='bbox 1090 871 1242 911; x_wconf 90' lang='lat' dir='ltr'><strong>natum</strong></span> <span class='ocrx_word' id='word_1_66' title='bbox 1273 880 1369 910; x_wconf 86' lang='lat' dir='ltr'><strong>esse</strong></span> <span class='ocrx_word' id='word_1_67' title='bbox 1400 871 1561 921; x_wconf 85' lang='lat' dir='ltr'><strong>censet,</strong></span> <span class='ocrx_word' id='word_1_68' title='bbox 1594 880 1776 921; x_wconf 89' lang='lat' dir='ltr'><strong>quocum</strong></span> 
     </span>
     <span class='ocr_line' id='line_1_11' title="bbox 206 936 1775 995; baseline -0.001 -13"><span class='ocrx_word' id='word_1_69' title='bbox 206 939 409 994; x_wconf 87' lang='lat' dir='ltr'><strong>congruit</strong></span> <span class='ocrx_word' id='word_1_70' title='bbox 440 939 554 993; x_wconf 87' lang='lat' dir='ltr'><strong>quod</strong></span> <span class='ocrx_word' id='word_1_71' title='bbox 584 938 725 983; x_wconf 80' lang='lat' dir='ltr'><strong>refert</strong></span> <span class='ocrx_word' id='word_1_72' title='bbox 744 936 886 995; x_wconf 82' lang='lat' dir='ltr'><strong>Dio,¹)</strong></span> <span class='ocrx_word' id='word_1_73' title='bbox 918 939 992 992; x_wconf 90' lang='lat' dir='ltr'><strong>qui</strong></span> <span class='ocrx_word' id='word_1_74' title='bbox 1024 938 1290 983; x_wconf 79' lang='lat' dir='ltr'><strong>Frontonem</strong></span> <span class='ocrx_word' id='word_1_75' title='bbox 1321 939 1440 983; x_wconf 84' lang='lat' dir='ltr'><strong>circa</strong></span> <span class='ocrx_word' id='word_1_76' title='bbox 1466 952 1503 982; x_wconf 88' lang='lat' dir='ltr'><strong>a.</strong></span> <span class='ocrx_word' id='word_1_77' title='bbox 1530 940 1613 982; x_wconf 87' lang='grc'>136</span> <span class='ocrx_word' id='word_1_78' title='bbox 1635 939 1775 982; x_wconf 85' lang='lat' dir='ltr'><strong>causi·</strong></span> 
     </span>
     <span class='ocr_line' id='line_1_12' title="bbox 205 1009 1775 1066; baseline -0.001 -12"><span class='ocrx_word' id='word_1_79' title='bbox 205 1009 348 1055; x_wconf 86' lang='lat' dir='ltr'><strong>dicum</strong></span> <span class='ocrx_word' id='word_1_80' title='bbox 378 1009 577 1054; x_wconf 84' lang='lat' dir='ltr'><strong>floruisse</strong></span> <span class='ocrx_word' id='word_1_81' title='bbox 607 1010 758 1055; x_wconf 70' lang='lat' dir='ltr'><strong>tradit,</strong></span> <span class='ocrx_word' id='word_1_82' title='bbox 805 1010 929 1066; x_wconf 86' lang='lat' dir='ltr'><strong>Quae</strong></span> <span class='ocrx_word' id='word_1_83' title='bbox 959 1010 998 1053; x_wconf 92' lang='lat' dir='ltr'><strong>si</strong></span> <span class='ocrx_word' id='word_1_84' title='bbox 1020 1022 1117 1054; x_wconf 91' lang='lat' dir='ltr'><strong>cum</strong></span> <span class='ocrx_word' id='word_1_85' title='bbox 1138 1022 1251 1057; x_wconf 89' lang='lat' dir='ltr'><strong>anno</strong></span> <span class='ocrx_word' id='word_1_86' title='bbox 1272 1009 1526 1054; x_wconf 79' lang='lat' dir='ltr'><strong>consulatus</strong></span> <span class='ocrx_word' id='word_1_87' title='bbox 1546 1010 1775 1054; x_wconf 83' lang='lat' dir='ltr'><strong>conferun-</strong></span> 
     </span>
     <span class='ocr_line' id='line_1_13' title="bbox 204 1081 1775 1137; baseline -0.001 -11"><span class='ocrx_word' id='word_1_88' title='bbox 204 1084 290 1136; x_wconf 87' lang='lat' dir='ltr'><strong>tur,</strong></span> <span class='ocrx_word' id='word_1_89' title='bbox 312 1081 559 1127; x_wconf 90' lang='lat' dir='ltr'><strong>Cornelium</strong></span> <span class='ocrx_word' id='word_1_90' title='bbox 579 1081 731 1137; x_wconf 83' lang='lat' dir='ltr'><strong>primis</strong></span> <span class='ocrx_word' id='word_1_91' title='bbox 752 1081 965 1126; x_wconf 85' lang='lat' dir='ltr'><strong>Antonini</strong></span> <span class='ocrx_word' id='word_1_92' title='bbox 995 1081 1264 1136; x_wconf 82' lang='lat' dir='ltr'><strong>temporibus</strong></span> <span class='ocrx_word' id='word_1_93' title='bbox 1286 1085 1363 1124; x_wconf 78' lang='lat' dir='ltr'><strong>aut</strong></span> <span class='ocrx_word' id='word_1_94' title='bbox 1385 1082 1595 1125; x_wconf 84' lang='lat' dir='ltr'><strong>extremis</strong></span> <span class='ocrx_word' id='word_1_95' title='bbox 1615 1081 1775 1125; x_wconf 82' lang='lat' dir='ltr'><strong>Hadri·</strong></span> 
     </span>
     <span class='ocr_line' id='line_1_14' title="bbox 205 1151 960 1209; baseline 0 -12"><span class='ocrx_word' id='word_1_96' title='bbox 205 1153 278 1198; x_wconf 89' lang='lat' dir='ltr'><strong>ani</strong></span> <span class='ocrx_word' id='word_1_97' title='bbox 309 1153 494 1197; x_wconf 84' lang='lat' dir='ltr'><strong>aedilem</strong></span> <span class='ocrx_word' id='word_1_98' title='bbox 524 1153 662 1197; x_wconf 82' lang='lat' dir='ltr'><strong>fuisse</strong></span> <span class='ocrx_word' id='word_1_99' title='bbox 692 1154 915 1208; x_wconf 88' lang='lat' dir='ltr'><strong>probatur.</strong></span> <span class='ocrx_word' id='word_1_100' title='bbox 924 1151 960 1209; x_wconf 77' lang='lat'><strong>⁴)</strong></span> 
     </span>
    </p>
   </div>
   <div class='ocr_carea' id='block_1_5' title="bbox 878 1295 1101 1353">
    <p class='ocr_par' dir='ltr' id='par_1_6' title="bbox 878 1295 1101 1353">
     <span class='ocr_line' id='line_1_15' title="bbox 878 1295 1101 1353; baseline -0.004 -12"><span class='ocrx_word' id='word_1_101' title='bbox 878 1295 1101 1353; x_wconf 69' lang='lat' dir='ltr'><strong>Ignotus.</strong></span> 
     </span>
    </p>
   </div>
   <div class='ocr_carea' id='block_1_6' title="bbox 1801 356 1956 440">
    <p class='ocr_par' dir='ltr' id='par_1_7' title="bbox 1801 356 1956 440">
     <span class='ocr_line' id='line_1_16' title="bbox 1801 356 1956 392; baseline 0 0"><span class='ocrx_word' id='word_1_102' title='bbox 1801 356 1898 392; x_wconf 85' lang='lat' dir='ltr'><strong>circa</strong></span> <span class='ocrx_word' id='word_1_103' title='bbox 1923 367 1956 392; x_wconf 82' lang='lat' dir='ltr'><strong>a.</strong></span> 
     </span>
     <span class='ocr_line' id='line_1_17' title="bbox 1851 403 1930 440; baseline 0.025 -2"><span class='ocrx_word' id='word_1_104' title='bbox 1851 403 1930 440; x_wconf 84' lang='lat'><strong>138.</strong></span> 
     </span>
    </p>
   </div>
   <div class='ocr_carea' id='block_1_7' title="bbox 1817 1296 1952 1381">
    <p class='ocr_par' dir='ltr' id='par_1_8' title="bbox 1817 1296 1952 1381">
     <span class='ocr_line' id='line_1_18' title="bbox 1834 1296 1932 1334; baseline 0.01 -1"><span class='ocrx_word' id='word_1_105' title='bbox 1834 1296 1932 1334; x_wconf 82' lang='lat' dir='ltr'><strong>inter</strong></span> 
     </span>
     <span class='ocr_line' id='line_1_19' title="bbox 1817 1344 1952 1381; baseline 0.015 -1"><span class='ocrx_word' id='word_1_106' title='bbox 1817 1354 1849 1380; x_wconf 73' lang='grc' dir='ltr'><strong>ι</strong></span> <span class='ocrx_word' id='word_1_107' title='bbox 1875 1344 1952 1381; x_wconf 72' lang='lat' dir='ltr'><strong>tore</strong></span> 
     </span>
    </p>
   </div>
   <div class='ocr_carea' id='block_1_8' title="bbox 347 1379 1990 1436">
    <p class='ocr_par' dir='ltr' id='par_1_9' title="bbox 347 1379 1990 1436">
     <span class='ocr_line' id='line_1_20' title="bbox 347 1379 1990 1436; baseline 0.002 -12"><span class='ocrx_word' id='word_1_108' title='bbox 347 1380 522 1424; x_wconf 81' lang='lat' dir='ltr'><strong>Titulus</strong></span> <span class='ocrx_word' id='word_1_109' title='bbox 553 1380 790 1436; x_wconf 87' lang='lat' dir='ltr'><strong>acephalus</strong></span> <span class='ocrx_word' id='word_1_110' title='bbox 810 1381 1071 1436; x_wconf 86' lang='lat' dir='ltr'><strong>Ancyranus</strong></span> <span class='ocrx_word' id='word_1_111' title='bbox 1102 1379 1198 1424; x_wconf 88' lang='lat' dir='ltr'><strong>CIL</strong></span> <span class='ocrx_word' id='word_1_112' title='bbox 1219 1380 1290 1424; x_wconf 95' lang='lat' dir='ltr'><strong>III</strong></span> <span class='ocrx_word' id='word_1_113' title='bbox 1313 1381 1399 1423; x_wconf 82' lang='lat'><strong>254</strong></span> <span class='ocrx_word' id='word_1_114' title='bbox 1432 1380 1561 1424; x_wconf 86' lang='lat' dir='ltr'><strong>hosce</strong></span> <span class='ocrx_word' id='word_1_115' title='bbox 1592 1379 1990 1434; x_wconf 74' lang='lat' dir='ltr'><strong>praebetlso-loo,</strong></span> 
     </span>
    </p>
   </div>
   <div class='ocr_carea' id='block_1_9' title="bbox 165 1451 1777 2294">
    <p class='ocr_par' dir='ltr' id='par_1_10' title="bbox 165 1451 1777 2294">
     <span class='ocr_line' id='line_1_21' title="bbox 203 1451 1775 1508; baseline -0.001 -13"><span class='ocrx_word' id='word_1_116' title='bbox 203 1451 406 1496; x_wconf 87' lang='lat' dir='ltr'><strong>honores:</strong></span> <span class='ocrx_word' id='word_1_117' title='bbox 453 1451 675 1508; x_wconf 86' lang='lat' dir='ltr'><strong>(tribunus</strong></span> <span class='ocrx_word' id='word_1_118' title='bbox 706 1451 911 1508; x_wconf 89' lang='lat' dir='ltr'><strong>militum)</strong></span> <span class='ocrx_word' id='word_1_119' title='bbox 948 1451 1135 1507; x_wconf 79' lang='lat' dir='ltr'><strong>legionis</strong></span> <span class='ocrx_word' id='word_1_120' title='bbox 1165 1451 1236 1495; x_wconf 91' lang='lat' dir='ltr'><strong>III</strong></span> <span class='ocrx_word' id='word_1_121' title='bbox 1268 1452 1509 1506; x_wconf 84' lang='lat' dir='ltr'><strong>Augustae,</strong></span> <span class='ocrx_word' id='word_1_122' title='bbox 1557 1454 1775 1505; x_wconf 82' lang='lat' dir='ltr'><strong>quaestor,</strong></span> 
     </span>
     <span class='ocr_line' id='line_1_22' title="bbox 205 1522 1777 1579; baseline -0.001 -12"><span class='ocrx_word' id='word_1_123' title='bbox 205 1523 360 1567; x_wconf 80' lang='lat' dir='ltr'><strong>aedilis</strong></span> <span class='ocrx_word' id='word_1_124' title='bbox 379 1523 536 1578; x_wconf 89' lang='lat' dir='ltr'><strong>plebei,</strong></span> <span class='ocrx_word' id='word_1_125' title='bbox 557 1527 747 1578; x_wconf 86' lang='lat' dir='ltr'><strong>praetor,</strong></span> <span class='ocrx_word' id='word_1_126' title='bbox 768 1523 999 1579; x_wconf 88' lang='lat' dir='ltr'><strong>proconsul</strong></span> <span class='ocrx_word' id='word_1_127' title='bbox 1020 1523 1152 1567; x_wconf 88' lang='lat' dir='ltr'><strong>Ponti</strong></span> <span class='ocrx_word' id='word_1_128' title='bbox 1175 1526 1222 1566; x_wconf 91' lang='lat' dir='ltr'><strong>et</strong></span> <span class='ocrx_word' id='word_1_129' title='bbox 1242 1522 1493 1578; x_wconf 81' lang='lat' dir='ltr'><strong>Bithyniae,</strong></span> <span class='ocrx_word' id='word_1_130' title='bbox 1524 1522 1777 1577; x_wconf 73' lang='lat' dir='ltr'><strong>praefectus</strong></span> 
     </span>
     <span class='ocr_line' id='line_1_23' title="bbox 203 1593 1775 1650; baseline -0.001 -12"><span class='ocrx_word' id='word_1_131' title='bbox 203 1593 412 1639; x_wconf 74' lang='lat' dir='ltr'><strong>frumenti</strong></span> <span class='ocrx_word' id='word_1_132' title='bbox 429 1594 571 1649; x_wconf 82' lang='lat' dir='ltr'><strong>dandi,</strong></span> <span class='ocrx_word' id='word_1_133' title='bbox 587 1594 763 1650; x_wconf 88' lang='lat' dir='ltr'><strong>legatus</strong></span> <span class='ocrx_word' id='word_1_134' title='bbox 779 1594 1036 1650; x_wconf 88' lang='lat' dir='ltr'><strong>legionisVI</strong></span> <span class='ocrx_word' id='word_1_135' title='bbox 1051 1593 1278 1647; x_wconf 79' lang='lat' dir='ltr'><strong>Ferratae,</strong></span> <span class='ocrx_word' id='word_1_136' title='bbox 1291 1594 1467 1648; x_wconf 83' lang='lat' dir='ltr'><strong>legatus</strong></span> <span class='ocrx_word' id='word_1_137' title='bbox 1477 1595 1775 1648; x_wconf 87' lang='lat' dir='ltr'><strong>Augustorum</strong></span> 
     </span>
     <span class='ocr_line' id='line_1_24' title="bbox 203 1665 1686 1721; baseline -0.001 -11"><span class='ocrx_word' id='word_1_138' title='bbox 203 1678 282 1721; x_wconf 87' lang='lat' dir='ltr'><strong>pro</strong></span> <span class='ocrx_word' id='word_1_139' title='bbox 313 1669 519 1721; x_wconf 83' lang='lat' dir='ltr'><strong>praetore</strong></span> <span class='ocrx_word' id='word_1_140' title='bbox 548 1666 803 1721; x_wconf 85' lang='lat' dir='ltr'><strong>provinciae</strong></span> <span class='ocrx_word' id='word_1_141' title='bbox 833 1665 1041 1711; x_wconf 85' lang='lat' dir='ltr'><strong>Galatiae</strong></span> <span class='ocrx_word' id='word_1_142' title='bbox 1071 1666 1178 1710; x_wconf 88' lang='lat' dir='ltr'><strong>item</strong></span> <span class='ocrx_word' id='word_1_143' title='bbox 1210 1665 1463 1721; x_wconf 89' lang='lat' dir='ltr'><strong>provinciae</strong></span> <span class='ocrx_word' id='word_1_144' title='bbox 1495 1665 1686 1709; x_wconf 83' lang='lat' dir='ltr'><strong>Ciliciae.</strong></span> 
     </span>
     <span class='ocr_line' id='line_1_25' title="bbox 165 1737 1775 1798; baseline -0.001 -16"><span class='ocrx_word' id='word_1_145' title='bbox 165 1795 168 1798; x_wconf 66' lang='lat'><em>‚</em></span> <span class='ocrx_word' id='word_1_146' title='bbox 347 1737 543 1782; x_wconf 90' lang='lat' dir='ltr'><strong>Ciliciam</strong></span> <span class='ocrx_word' id='word_1_147' title='bbox 573 1737 800 1782; x_wconf 82' lang='lat' dir='ltr'><strong>Hadriano</strong></span> <span class='ocrx_word' id='word_1_148' title='bbox 837 1738 1007 1781; x_wconf 85' lang='lat' dir='ltr'><strong>demum</strong></span> <span class='ocrx_word' id='word_1_149' title='bbox 1038 1737 1283 1792; x_wconf 87' lang='lat' dir='ltr'><strong>imperante</strong></span> <span class='ocrx_word' id='word_1_150' title='bbox 1315 1750 1341 1780; x_wconf 87' lang='lat' dir='ltr'><strong>a</strong></span> <span class='ocrx_word' id='word_1_151' title='bbox 1372 1737 1502 1792; x_wconf 86' lang='lat' dir='ltr'><strong>Syria</strong></span> <span class='ocrx_word' id='word_1_152' title='bbox 1533 1738 1775 1781; x_wconf 83' lang='lat' dir='ltr'><strong>seiunctam</strong></span> 
     </span>
     <span class='ocr_line' id='line_1_26' title="bbox 202 1807 1776 1865; baseline -0.001 -12"><span class='ocrx_word' id='word_1_153' title='bbox 202 1809 510 1865; x_wconf 86' lang='lat' dir='ltr'><strong>propriamque</strong></span> <span class='ocrx_word' id='word_1_154' title='bbox 551 1809 821 1865; x_wconf 83' lang='lat' dir='ltr'><strong>provinciam</strong></span> <span class='ocrx_word' id='word_1_155' title='bbox 866 1808 1031 1853; x_wconf 85' lang='lat' dir='ltr'><strong>factam</strong></span> <span class='ocrx_word' id='word_1_156' title='bbox 1080 1821 1177 1852; x_wconf 87' lang='lat' dir='ltr'><strong>esse</strong></span> <span class='ocrx_word' id='word_1_157' title='bbox 1208 1808 1309 1853; x_wconf 80' lang='lat' dir='ltr'><strong>aliis</strong></span> <span class='ocrx_word' id='word_1_158' title='bbox 1339 1821 1364 1852; x_wconf 89' lang='lat' dir='ltr'><strong>e</strong></span> <span class='ocrx_word' id='word_1_159' title='bbox 1395 1808 1541 1852; x_wconf 87' lang='lat' dir='ltr'><strong>titulis</strong></span> <span class='ocrx_word' id='word_1_160' title='bbox 1572 1808 1727 1852; x_wconf 87' lang='lat' dir='ltr'><strong>elucet.</strong></span> <span class='ocrx_word' id='word_1_161' title='bbox 1739 1807 1776 1864; x_wconf 80' lang='lat'><strong>⁸)</strong></span> 
     </span>
     <span class='ocr_line' id='line_1_27' title="bbox 203 1879 1777 1936; baseline -0.002 -10"><span class='ocrx_word' id='word_1_162' title='bbox 203 1880 289 1926; x_wconf 84' lang='lat' dir='ltr'><strong>Hic</strong></span> <span class='ocrx_word' id='word_1_163' title='bbox 334 1881 406 1925; x_wconf 87' lang='lat' dir='ltr'><strong>vir</strong></span> <span class='ocrx_word' id='word_1_164' title='bbox 443 1881 621 1936; x_wconf 85' lang='lat' dir='ltr'><strong>ignotus</strong></span> <span class='ocrx_word' id='word_1_165' title='bbox 651 1881 903 1925; x_wconf 88' lang='lat' dir='ltr'><strong>nominatur</strong></span> <span class='ocrx_word' id='word_1_166' title='bbox 931 1879 1108 1935; x_wconf 85' lang='lat' dir='ltr'><strong>legatus</strong></span> <span class='ocrx_word' id='word_1_167' title='bbox 1138 1881 1449 1935; x_wconf 84' lang='lat' dir='ltr'><strong>Augustorum,</strong></span> <span class='ocrx_word' id='word_1_168' title='bbox 1496 1893 1581 1934; x_wconf 92' lang='lat' dir='ltr'><strong>quo</strong></span> <span class='ocrx_word' id='word_1_169' title='bbox 1612 1880 1777 1924; x_wconf 76' lang='lat' dir='ltr'><strong>tratres</strong></span> 
     </span>
     <span class='ocr_line' id='line_1_28' title="bbox 203 1950 1775 2008; baseline -0.001 -11"><span class='ocrx_word' id='word_1_170' title='bbox 203 1953 428 2008; x_wconf 87' lang='lat' dir='ltr'><strong>Augustos</strong></span> <span class='ocrx_word' id='word_1_171' title='bbox 457 1952 515 1997; x_wconf 74' lang='lat' dir='ltr'><strong>M„</strong></span> <span class='ocrx_word' id='word_1_172' title='bbox 536 1951 765 1997; x_wconf 85' lang='lat' dir='ltr'><strong>Aurelium</strong></span> <span class='ocrx_word' id='word_1_173' title='bbox 796 1955 843 1996; x_wconf 92' lang='lat' dir='ltr'><strong>et</strong></span> <span class='ocrx_word' id='word_1_174' title='bbox 873 1952 923 1996; x_wconf 87' lang='lat' dir='ltr'><strong>L.</strong></span> <span class='ocrx_word' id='word_1_175' title='bbox 945 1952 1108 1996; x_wconf 89' lang='lat' dir='ltr'><strong>Verum</strong></span> <span class='ocrx_word' id='word_1_176' title='bbox 1140 1951 1382 2007; x_wconf 86' lang='lat' dir='ltr'><strong>significari</strong></span> <span class='ocrx_word' id='word_1_177' title='bbox 1410 1950 1645 2008; x_wconf 81' lang='lat' dir='ltr'><strong>Brandis‘)</strong></span> <span class='ocrx_word' id='word_1_178' title='bbox 1676 1964 1775 1996; x_wconf 88' lang='lat' dir='ltr'><strong>cen-</strong></span> 
     </span>
     <span class='ocr_line' id='line_1_29' title="bbox 203 2021 1775 2082; baseline -0.001 -13"><span class='ocrx_word' id='word_1_179' title='bbox 203 2023 294 2069; x_wconf 84' lang='lat' dir='ltr'><strong>suit</strong></span> <span class='ocrx_word' id='word_1_180' title='bbox 324 2024 590 2069; x_wconf 84' lang='lat' dir='ltr'><strong>adversante</strong></span> <span class='ocrx_word' id='word_1_181' title='bbox 610 2023 860 2068; x_wconf 89' lang='lat' dir='ltr'><strong>Hermanno</strong></span> <span class='ocrx_word' id='word_1_182' title='bbox 881 2021 1110 2080; x_wconf 84' lang='lat' dir='ltr'><strong>Dessau,⁷)</strong></span> <span class='ocrx_word' id='word_1_183' title='bbox 1141 2023 1216 2078; x_wconf 91' lang='lat' dir='ltr'><strong>qui</strong></span> <span class='ocrx_word' id='word_1_184' title='bbox 1247 2023 1374 2068; x_wconf 84' lang='lat' dir='ltr'><strong>dicit:</strong></span> <span class='ocrx_word' id='word_1_185' title='bbox 1403 2025 1477 2070; x_wconf 71' lang='lat' dir='ltr'><strong>sed</strong></span> <span class='ocrx_word' id='word_1_186' title='bbox 1499 2028 1634 2082; x_wconf 67' lang='lat' dir='ltr'><strong>potest</strong></span> <span class='ocrx_word' id='word_1_187' title='bbox 1666 2026 1775 2082; x_wconf 72' lang='grc'>0091·-</span> 
     </span>
     <span class='ocr_line' id='line_1_30' title="bbox 203 2095 1775 2155; baseline -0.002 -13"><span class='ocrx_word' id='word_1_188' title='bbox 203 2096 288 2142; x_wconf 70' lang='lat' dir='ltr'><strong>tari</strong></span> <span class='ocrx_word' id='word_1_189' title='bbox 318 2096 369 2142; x_wconf 76' lang='lat' dir='ltr'><strong>de</strong></span> <span class='ocrx_word' id='word_1_190' title='bbox 392 2096 645 2155; x_wconf 74' lang='lat' dir='ltr'><strong>intperatore</strong></span> <span class='ocrx_word' id='word_1_191' title='bbox 662 2100 703 2142; x_wconf 78' lang='lat' dir='ltr'><strong>et</strong></span> <span class='ocrx_word' id='word_1_192' title='bbox 722 2110 957 2142; x_wconf 72' lang='lat' dir='ltr'><strong>successore</strong></span> <span class='ocrx_word' id='word_1_193' title='bbox 975 2097 1079 2149; x_wconf 69' lang='lat' dir='ltr'><strong>eius,</strong></span> <span class='ocrx_word' id='word_1_194' title='bbox 1104 2098 1355 2154; x_wconf 71' lang='lat' dir='ltr'><strong>praesertim</strong></span> <span class='ocrx_word' id='word_1_195' title='bbox 1375 2111 1471 2141; x_wconf 77' lang='lat' dir='ltr'><strong>oum</strong></span> <span class='ocrx_word' id='word_1_196' title='bbox 1490 2110 1582 2142; x_wconf 83' lang='grc'>11011</span> <span class='ocrx_word' id='word_1_197' title='bbox 1604 2095 1775 2153; x_wconf 66' lang='lat' dir='ltr'><strong>,Auyyf</strong></span> 
     </span>
     <span class='ocr_line' id='line_1_31' title="bbox 202 2166 1775 2226; baseline -0.001 -13"><span class='ocrx_word' id='word_1_198' title='bbox 202 2167 412 2225; x_wconf 61' lang='lat' dir='ltr'><strong>effipiam</strong></span> <span class='ocrx_word' id='word_1_199' title='bbox 454 2168 527 2213; x_wconf 79' lang='lat' dir='ltr'><strong>sed</strong></span> <span class='ocrx_word' id='word_1_200' title='bbox 567 2167 861 2224; x_wconf 57' lang='lat' dir='ltr'><strong>Auomtmum</strong></span> <span class='ocrx_word' id='word_1_201' title='bbox 903 2167 1151 2214; x_wconf 75' lang='lat' dir='ltr'><strong>vocabulum</strong></span> <span class='ocrx_word' id='word_1_202' title='bbox 1192 2168 1471 2226; x_wconf 65' lang='lat' dir='ltr'><strong>perscriptum</strong></span> <span class='ocrx_word' id='word_1_203' title='bbox 1516 2169 1583 2213; x_wconf 73' lang='lat' dir='ltr'><strong>sit.</strong></span> <span class='ocrx_word' id='word_1_204' title='bbox 1658 2166 1775 2211; x_wconf 74' lang='lat' dir='ltr'><strong>Mar·</strong></span> 
     </span>
     <span class='ocr_line' id='line_1_32' title="bbox 204 2235 1336 2294; baseline 0 -12"><span class='ocrx_word' id='word_1_205' title='bbox 204 2235 408 2294; x_wconf 81' lang='lat' dir='ltr'><strong>quardt⁸)</strong></span> <span class='ocrx_word' id='word_1_206' title='bbox 441 2239 495 2282; x_wconf 88' lang='lat' dir='ltr'><strong>de</strong></span> <span class='ocrx_word' id='word_1_207' title='bbox 526 2237 738 2293; x_wconf 89' lang='lat' dir='ltr'><strong>Septimio</strong></span> <span class='ocrx_word' id='word_1_208' title='bbox 769 2241 817 2282; x_wconf 90' lang='lat' dir='ltr'><strong>et</strong></span> <span class='ocrx_word' id='word_1_209' title='bbox 847 2238 1078 2282; x_wconf 84' lang='lat' dir='ltr'><strong>Caracalla</strong></span> <span class='ocrx_word' id='word_1_210' title='bbox 1107 2238 1336 2293; x_wconf 74' lang='lat' dir='ltr'><strong>cogitavit.</strong></span> 
     </span>
    </p>
   </div>
   <div class='ocr_carea' id='block_1_10' title="bbox 203 2321 423 2328">
    <p class='ocr_par' dir='ltr' id='par_1_11' title="bbox 203 2321 423 2328">
     <span class='ocr_line' id='line_1_33' title="bbox 203 2321 423 2328; baseline 0 0"><span class='ocrx_word' id='word_1_211' title='bbox 203 2321 423 2328; x_wconf 95' lang='lat' dir='ltr'><strong> </strong></span> 
     </span>
    </p>
   </div>
   <div class='ocr_carea' id='block_1_11' title="bbox 203 2356 1775 2938">
    <p class='ocr_par' dir='ltr' id='par_1_12' title="bbox 349 2356 762 2401">
     <span class='ocr_line' id='line_1_34' title="bbox 349 2356 762 2401; baseline -0.002 -9"><span class='ocrx_word' id='word_1_212' title='bbox 349 2356 383 2400; x_wconf 87' lang='lat'><strong>1)</strong></span> <span class='ocrx_word' id='word_1_213' title='bbox 409 2356 518 2392; x_wconf 85' lang='lat' dir='ltr'><strong>Klein</strong></span> <span class='ocrx_word' id='word_1_214' title='bbox 543 2356 569 2391; x_wconf 81' lang='lat' dir='ltr'><strong>f.</strong></span> <span class='ocrx_word' id='word_1_215' title='bbox 595 2366 625 2391; x_wconf 91' lang='lat' dir='ltr'><strong>c.</strong></span> <span class='ocrx_word' id='word_1_216' title='bbox 650 2366 685 2401; x_wconf 88' lang='lat' dir='ltr'><strong>p.</strong></span> <span class='ocrx_word' id='word_1_217' title='bbox 704 2356 762 2392; x_wconf 78' lang='lat'><strong>69.</strong></span> 
     </span>
    </p>

    <p class='ocr_par' dir='ltr' id='par_1_13' title="bbox 203 2415 1775 2580">
     <span class='ocr_line' id='line_1_35' title="bbox 345 2415 1774 2461; baseline 0 -10"><span class='ocrx_word' id='word_1_218' title='bbox 345 2415 384 2460; x_wconf 86' lang='lat'><strong>2)</strong></span> <span class='ocrx_word' id='word_1_219' title='bbox 408 2415 531 2452; x_wconf 84' lang='lat' dir='ltr'><strong>Herm.</strong></span> <span class='ocrx_word' id='word_1_220' title='bbox 545 2415 638 2452; x_wconf 86' lang='lat' dir='ltr'><strong>Vm</strong></span> <span class='ocrx_word' id='word_1_221' title='bbox 654 2415 725 2451; x_wconf 81' lang='lat'><strong>216</strong></span> <span class='ocrx_word' id='word_1_222' title='bbox 739 2431 783 2446; x_wconf 83' lang='lat'><strong>==</strong></span> <span class='ocrx_word' id='word_1_223' title='bbox 797 2415 884 2452; x_wconf 85' lang='lat' dir='ltr'><strong>hist.</strong></span> <span class='ocrx_word' id='word_1_224' title='bbox 901 2415 1000 2452; x_wconf 79' lang='lat' dir='ltr'><strong>Sohr.</strong></span> <span class='ocrx_word' id='word_1_225' title='bbox 1018 2415 1038 2451; x_wconf 95' lang='lat'>1</span> <span class='ocrx_word' id='word_1_226' title='bbox 1060 2426 1095 2461; x_wconf 87' lang='lat' dir='ltr'><strong>p.</strong></span> <span class='ocrx_word' id='word_1_227' title='bbox 1113 2415 1184 2451; x_wconf 79' lang='lat'><strong>486</strong></span> <span class='ocrx_word' id='word_1_228' title='bbox 1201 2419 1329 2452; x_wconf 79' lang='lat' dir='ltr'><strong>eontra</strong></span> <span class='ocrx_word' id='word_1_229' title='bbox 1344 2415 1529 2452; x_wconf 64' lang='lat' dir='ltr'><strong>Natorum</strong></span> <span class='ocrx_word' id='word_1_230' title='bbox 1547 2415 1616 2461; x_wconf 82' lang='lat' dir='ltr'><strong>(ed.</strong></span> <span class='ocrx_word' id='word_1_231' title='bbox 1630 2426 1664 2461; x_wconf 90' lang='lat' dir='ltr'><strong>p.</strong></span> <span class='ocrx_word' id='word_1_232' title='bbox 1679 2415 1774 2459; x_wconf 86' lang='lat' dir='ltr'><strong>XX),</strong></span> 
     </span>
     <span class='ocr_line' id='line_1_36' title="bbox 204 2474 1775 2520; baseline -0.001 -9"><span class='ocrx_word' id='word_1_233' title='bbox 204 2484 310 2519; x_wconf 80' lang='lat' dir='ltr'><strong>quem</strong></span> <span class='ocrx_word' id='word_1_234' title='bbox 346 2478 493 2512; x_wconf 81' lang='lat' dir='ltr'><strong>secutus</strong></span> <span class='ocrx_word' id='word_1_235' title='bbox 529 2478 586 2511; x_wconf 83' lang='lat' dir='ltr'><strong>est</strong></span> <span class='ocrx_word' id='word_1_236' title='bbox 610 2474 766 2511; x_wconf 86' lang='lat' dir='ltr'><strong>Levison</strong></span> <span class='ocrx_word' id='word_1_237' title='bbox 803 2486 858 2511; x_wconf 90' lang='lat' dir='ltr'><strong>ur.</strong></span> <span class='ocrx_word' id='word_1_238' title='bbox 886 2474 988 2520; x_wconf 85' lang='lat'><strong>1038,</strong></span> <span class='ocrx_word' id='word_1_239' title='bbox 1028 2474 1091 2520; x_wconf 88' lang='lat' dir='ltr'><strong>qui</strong></span> <span class='ocrx_word' id='word_1_240' title='bbox 1125 2475 1172 2511; x_wconf 74' lang='grc' dir='ltr'>Μ.</span> <span class='ocrx_word' id='word_1_241' title='bbox 1199 2475 1405 2510; x_wconf 83' lang='lat' dir='ltr'><strong>Cornelium</strong></span> <span class='ocrx_word' id='word_1_242' title='bbox 1442 2485 1475 2511; x_wconf 77' lang='grc' dir='ltr'>ι.</span> <span class='ocrx_word' id='word_1_243' title='bbox 1505 2475 1572 2510; x_wconf 85' lang='grc'><strong>139</strong></span> <span class='ocrx_word' id='word_1_244' title='bbox 1598 2475 1775 2519; x_wconf 81' lang='lat' dir='ltr'><strong>quiuqua-</strong></span> 
     </span>
     <span class='ocr_line' id='line_1_37' title="bbox 203 2533 693 2580; baseline 0 -9"><span class='ocrx_word' id='word_1_245' title='bbox 203 2533 395 2580; x_wconf 72' lang='lat' dir='ltr'><strong>genarium</strong></span> <span class='ocrx_word' id='word_1_246' title='bbox 418 2534 534 2571; x_wconf 75' lang='lat' dir='ltr'><strong>fuisse</strong></span> <span class='ocrx_word' id='word_1_247' title='bbox 558 2538 693 2571; x_wconf 78' lang='lat' dir='ltr'><strong>censet.</strong></span> 
     </span>
    </p>

    <p class='ocr_par' dir='ltr' id='par_1_14' title="bbox 345 2593 669 2640">
     <span class='ocr_line' id='line_1_38' title="bbox 345 2593 669 2640; baseline 0.003 -10"><span class='ocrx_word' id='word_1_248' title='bbox 345 2593 381 2640; x_wconf 84' lang='grc'><strong>8)</strong></span> <span class='ocrx_word' id='word_1_249' title='bbox 406 2594 527 2631; x_wconf 79' lang='lat' dir='ltr'><strong>LXIX</strong></span> <span class='ocrx_word' id='word_1_250' title='bbox 554 2594 608 2640; x_wconf 87' lang='grc'><strong>18,</strong></span> <span class='ocrx_word' id='word_1_251' title='bbox 635 2595 669 2631; x_wconf 83' lang='grc'>3.</span> 
     </span>
    </p>

    <p class='ocr_par' dir='ltr' id='par_1_15' title="bbox 345 2653 1160 2699">
     <span class='ocr_line' id='line_1_39' title="bbox 345 2653 1160 2699; baseline 0.001 -10"><span class='ocrx_word' id='word_1_252' title='bbox 345 2653 384 2699; x_wconf 83' lang='lat'><strong>4)</strong></span> <span class='ocrx_word' id='word_1_253' title='bbox 408 2653 490 2691; x_wconf 85' lang='lat' dir='ltr'><strong>Pw</strong></span> <span class='ocrx_word' id='word_1_254' title='bbox 513 2654 567 2690; x_wconf 88' lang='lat' dir='ltr'><strong>IV</strong></span> <span class='ocrx_word' id='word_1_255' title='bbox 594 2654 697 2690; x_wconf 79' lang='lat'><strong>1815.</strong></span> <span class='ocrx_word' id='word_1_256' title='bbox 746 2653 855 2690; x_wconf 85' lang='lat' dir='ltr'><strong>Klein</strong></span> <span class='ocrx_word' id='word_1_257' title='bbox 881 2654 999 2691; x_wconf 59' lang='lat' dir='ltr'><strong>Verwx</strong></span> <span class='ocrx_word' id='word_1_258' title='bbox 1025 2665 1061 2699; x_wconf 90' lang='lat' dir='ltr'><strong>p.</strong></span> <span class='ocrx_word' id='word_1_259' title='bbox 1080 2654 1160 2690; x_wconf 82' lang='lat'><strong>167.</strong></span> 
     </span>
    </p>

    <p class='ocr_par' dir='ltr' id='par_1_16' title="bbox 348 2713 772 2759">
     <span class='ocr_line' id='line_1_40' title="bbox 348 2713 772 2759; baseline 0.007 -11"><span class='ocrx_word' id='word_1_260' title='bbox 348 2713 385 2759; x_wconf 82' lang='lat'><strong>5)</strong></span> <span class='ocrx_word' id='word_1_261' title='bbox 410 2714 623 2759; x_wconf 73' lang='lat' dir='ltr'><strong>Muquudt</strong></span> <span class='ocrx_word' id='word_1_262' title='bbox 646 2714 666 2750; x_wconf 94' lang='lat'>1</span> <span class='ocrx_word' id='word_1_263' title='bbox 690 2714 772 2751; x_wconf 84' lang='lat'><strong>888.</strong></span> 
     </span>
    </p>

    <p class='ocr_par' dir='ltr' id='par_1_17' title="bbox 346 2773 785 2818">
     <span class='ocr_line' id='line_1_41' title="bbox 346 2773 785 2818; baseline 0.002 -10"><span class='ocrx_word' id='word_1_264' title='bbox 346 2773 383 2818; x_wconf 84' lang='lat'><strong>6)</strong></span> <span class='ocrx_word' id='word_1_265' title='bbox 408 2773 531 2810; x_wconf 83' lang='lat' dir='ltr'><strong>Herm.</strong></span> <span class='ocrx_word' id='word_1_266' title='bbox 555 2773 680 2811; x_wconf 85' lang='lat' dir='ltr'><strong>XXXI</strong></span> <span class='ocrx_word' id='word_1_267' title='bbox 707 2773 785 2810; x_wconf 77' lang='lat'><strong>165.</strong></span> 
     </span>
    </p>

    <p class='ocr_par' dir='ltr' id='par_1_18' title="bbox 350 2832 877 2879">
     <span class='ocr_line' id='line_1_42' title="bbox 350 2832 877 2879; baseline 0.004 -11"><span class='ocrx_word' id='word_1_268' title='bbox 350 2833 386 2878; x_wconf 82' lang='grc'><strong>7)</strong></span> <span class='ocrx_word' id='word_1_269' title='bbox 409 2832 495 2869; x_wconf 86' lang='grc' dir='ltr'>ΡΙΒ.</span> <span class='ocrx_word' id='word_1_270' title='bbox 517 2832 576 2869; x_wconf 82' lang='lat' dir='ltr'><strong>m</strong></span> <span class='ocrx_word' id='word_1_271' title='bbox 598 2843 634 2879; x_wconf 87' lang='lat' dir='ltr'><strong>p.</strong></span> <span class='ocrx_word' id='word_1_272' title='bbox 650 2833 723 2869; x_wconf 74' lang='lat'><strong>498</strong></span> <span class='ocrx_word' id='word_1_273' title='bbox 746 2844 801 2870; x_wconf 89' lang='lat' dir='ltr'><strong>nr.</strong></span> <span class='ocrx_word' id='word_1_274' title='bbox 821 2833 877 2870; x_wconf 89' lang='grc'><strong>18.</strong></span> 
     </span>
    </p>

    <p class='ocr_par' dir='ltr' id='par_1_19' title="bbox 347 2890 635 2938">
     <span class='ocr_line' id='line_1_43' title="bbox 347 2890 635 2938; baseline 0.007 -11"><span class='ocrx_word' id='word_1_275' title='bbox 347 2891 384 2938; x_wconf 92' lang='grc'><strong>8)</strong></span> <span class='ocrx_word' id='word_1_276' title='bbox 408 2891 429 2927; x_wconf 91' lang='grc' dir='ltr'>Ι</span> <span class='ocrx_word' id='word_1_277' title='bbox 453 2891 523 2928; x_wconf 80' lang='grc'><strong>854</strong></span> <span class='ocrx_word' id='word_1_278' title='bbox 547 2890 583 2928; x_wconf 71' lang='grc'><strong>11.</strong></span> <span class='ocrx_word' id='word_1_279' title='bbox 600 2892 635 2929; x_wconf 79' lang='grc'>2.</span> 
     </span>
    </p>
   </div>
  </div>
 </body>
</html>
