2046 3242
853 253 1152 296 —69-

356 380 638 425 Consulatum
681 381 822 436 gessit
852 395 966 426 anno
996 382 1160 439 ignoto.
1220 382 1390 427 Attulit
1420 383 1611 429 Garncci
1620 383 1655 440 ι)
1687 398 1787 429 con·

212 450 350 495 sulem
381 452 484 495 anni
516 453 601 495 260
634 452 678 496 C.
701 453 874 497 Iunium
895 454 1128 510 Donatum,
1158 466 1287 509 quem
1317 455 1553 510 adoptione
1585 457 1788 500 coniunc-

212 526 306 567 tum
336 523 473 567 fuisse
503 523 586 567 hoc
617 536 715 568 cum
745 525 892 569 Mevio
924 529 1086 570 censet.

355 606 569 662 Quoniam
600 607 645 650 in
676 607 972 663 inscriptione,
1019 621 1132 663 qnae
1163 621 1189 652 e
1218 608 1471 654 litterarum
1508 610 1660 655 formis
1700 623 1788 655 non

213 681 316 721 ante
361 677 540 721 secundi
585 676 758 722 saeculi
795 678 924 723 finem
954 681 1155 735 ponenda.
1184 681 1373 736 videtur,
1420 693 1568 725 omnes
1599 682 1788 726 honores

211 748 425 792 militares
463 750 632 804 desunt,
679 751 794 803 quod
824 763 925 794 raro
956 750 1197 807 Commodo,
1239 752 1415 807 saepius
1446 752 1678 797 Caracalla
1707 754 1787 798 im·

211 823 396 875 perante
435 820 670 874 invenit-ur,
711 822 765 864 de
796 822 970 866 saeculo
1000 823 1135 867 tertio
1166 823 1345 867 ineunte
1376 824 1659 879 cogitandum
1691 838 1789 869 esse

211 893 426 945 putamus.

832 987 1160 1033 Censorinus.
1191 976 1193 978 ⁵
1842 992 1947 1031 Inter

352 1070 468 1115 Hist.
490 1071 592 1125 trig.
613 1075 698 1127 tyr.
731 1072 800 1127 33,
834 1072 877 1115 1:
908 1071 991 1115 Vir
1019 1071 1150 1127 plane
1180 1072 1386 1116 militaris
1418 1077 1463 1117 et
1497 1075 1707 1128 antiquae
1739 1041 2003 1126 in2302fflo,

211 1140 334 1184 curia
364 1141 595 1196 dignitatis
626 1142 694 1186 bis
725 1142 887 1197 consul,
918 1142 986 1187 bis
1016 1143 1269 1199 praefectus
1301 1145 1525 1199 praetorii,
1558 1151 1628 1189 ter
1658 1159 1785 1200 prae·

209 1211 353 1256 fectus
384 1213 494 1267 urbi,
526 1218 683 1267 quarto
704 1226 784 1268 pro
806 1213 993 1268 consule,
1024 1215 1159 1258 tertio
1182 1215 1424 1259 consularis
1446 1216 1632 1271 legatuS‚
1658 1230 1785 1272 prae-

209 1283 349 1327 torius
394 1285 594 1339 secunde,
641 1288 799 1339 quarto
844 1285 1091 1340 aedilicius,
1137 1286 1272 1331 tertio
1320 1288 1610 1342 quaestorius,
1657 1294 1787 1332 extra

209 1354 403 1398 ordinem
449 1367 620 1410 quoque
666 1355 889 1411 legatione
919 1357 1100 1401 Persica
1145 1356 1323 1401 functus
1361 1358 1495 1402 etiam
1527 1358 1787 1404 Sarmatica.

352 1426 520 1483 Quibus
541 1427 667 1471 annis
689 1427 963 1483 Censorinus,
994 1428 1069 1483 qui
1100 1441 1214 1472 anno
1246 1431 1334 1473 269
1367 1443 1394 1473 a
1425 1430 1671 1485 legionibus
1694 1432 1786 1475 suis

208 1509 403 1552 purpura
433 1499 685 1553 ornabatur,
732 1499 1015 1554 aedilitatem,
1061 1500 1275 1554 siquidem
1306 1501 1458 1556 gessit,
1498 1503 1699 1557 gesserit,
1739 1503 1786 1547 iu

209 1568 460 1613 universum
491 1570 616 1613 modo
648 1570 945 1615 circumscribi
975 1575 1135 1626 potest.
1196 1571 1303 1616 Cum
1333 1572 1524 1628 scriptor
1554 1573 1581 1617 l.
1603 1587 1638 1617 c.
1660 1575 1731 1629 33,
1757 1576 1784 1619 2

209 1651 307 1683 eum
337 1640 479 1684 altero
509 1642 620 1695 pede
651 1641 921 1686 claudicasse
952 1642 1072 1687 dicat
1102 1655 1127 1685 e
1159 1643 1353 1698 vulnere,
1384 1646 1500 1698 quod
1530 1644 1647 1689 bello
1678 1646 1784 1689 Per-

208 1711 298 1755 sico
331 1711 557 1756 Valeriani
587 1713 856 1768 temporibus
886 1719 1130 1769 acceperat,
1169 1714 1277 1769 loco,
1309 1728 1436 1769 quem
1467 1729 1601 1771 supra
1630 1717 1783 1761 landa-

208 1782 362 1838 vimuS,
393 1783 591 1828 adhibito
622 1784 860 1828 verisimile
890 1785 1068 1829 videtur
1088 1798 1183 1829 esse
1204 1786 1487 1831 Censorinum
1508 1788 1627 1831 inter
1647 1801 1784 1832 annos

209 1855 294 1898 257
328 1858 374 1898 et
405 1856 492 1898 260
522 1855 718 1910 legatum
749 1856 972 1900 cuiusdam
1002 1857 1256 1911 provinciae
1287 1858 1423 1902 Asiae
1452 1858 1601 1903 fuisse.
1659 1860 1784 1916 Quae

207 1925 246 1968 si
276 1925 343 1970 ita
373 1929 487 1980 sunt,
534 1927 728 1971 dubitari
759 1928 924 1982 nequit,
967 1928 1073 1983 quin
1103 1928 1179 1972 ille
1210 1941 1384 1973 cursum
1415 1942 1540 1974 sunm
1572 1930 1784 1975 honorum

208 2001 312 2041 ante
343 2010 503 2041 annum
534 1999 619 2042 257
658 1998 934 2043 incohaverit
964 2004 1010 2043 et
1041 1999 1315 2044 aedilitatem
1345 2001 1466 2045 intra
1496 2014 1536 2046 a.
1568 2002 1662 2046 fere
1694 2004 1782 2046 230

207 2072 254 2114 et
285 2070 372 2113 240
404 2093 462 2102 --
493 2073 643 2115 aetate
690 2071 803 2115 enim
847 2084 1106 2127 progressus
1152 2071 1239 2116 fuit
1278 2076 1372 2116 tum
1416 2085 1513 2117 cum
1543 2074 1785 2129 imperator

207 2140 354 2186 factus
385 2145 454 2186 est
483 2166 543 2173 —
573 2143 774 2198 gesserit.

349 2214 412 2257 At
443 2213 550 2268 inre,
589 2218 641 2258 ut
670 2218 887 2270 putamus,
926 2215 1149 2259 Arthurus
1180 2214 1351 2271 Stein¹)
1382 2217 1429 2260 in
1461 2217 1783 2261 dubitationem

206 2287 338 2328 vocat
368 2284 496 2328 fldem
527 2297 679 2329 cursus
709 2286 932 2341 honorum,
977 2299 1105 2340 quem
1136 2287 1316 2331 exhibet
1346 2288 1539 2343 scriptor
1568 2289 1782 2332 historiae

206 2354 308 2410 trig.
351 2359 449 2411 tyr„
496 2369 757 2411 quamquam
802 2357 1005 2413 adiungit
1050 2358 1077 2402 l.
1109 2371 1144 2402 c.
1176 2359 1245 2413 33,
1278 2361 1307 2402 4
1353 2363 1507 2404 extare
1554 2360 1782 2404 Censorini

205 2427 452 2482 sepulcrum
483 2428 600 2471 circa
629 2428 882 2485 Bononiam,
912 2432 962 2476 in
992 2446 1075 2487 quo
1101 2431 1345 2488 yrandibus
1371 2433 1507 2477 literis
1528 2433 1657 2478 incisi
1675 2437 1782 2477 sunt

206 2514 350 2545 omnes
388 2501 480 2545 eius
509 2501 703 2556 honores,
735 2500 901 2544 dicens:
947 2502 1048 2547 Was
1077 2503 1180 2548 aber
1208 2504 1357 2548 aeine„
1387 2518 1539 2548 cursus
1568 2505 1782 2548 honorum

207 2571 400 2616 berichtd
431 2572 552 2623 wird,
597 2573 652 2618 ist
682 2573 900 2618 diarcham
926 2573 1148 2629 fabelhast,
1195 2575 1291 2619 und
1329 2574 1454 2619 somit
1483 2575 1541 2618 ist
1571 2575 1683 2619 atach
1714 2576 1782 2621 die

207 2641 476 2699 Grabsohrift
505 2644 577 2688 des
611 2643 659 2688 0.
692 2644 755 2688 bei
775 2644 997 2699 Bononia,
1028 2645 1111 2700 aul
1139 2645 1314 2689 welcher
1342 2646 1433 2690 sich
1464 2646 1599 2690 dieser
1628 2661 1782 2691 cursus

196 2713 358 2768 finden
387 2715 478 2768 soll,
509 2729 616 2771 pure
645 2714 910 2772 Efinduny.

351 2855 388 2900 1)
412 2854 522 2891 moin
547 2855 666 2891 νων.
694 2855 774 2892 123.

350 2914 390 2959 2)
414 2914 496 2950 Pw
520 2914 580 2950 111
606 2914 709 2950 1908.
