<?xml version="1.0" encoding="UTF-8"?>
<!DOCTYPE html PUBLIC "-//W3C//DTD XHTML 1.0 Transitional//EN"
    "http://www.w3.org/TR/xhtml1/DTD/xhtml1-transitional.dtd">
<html xmlns="http://www.w3.org/1999/xhtml" xml:lang="en" lang="en">
 <head>
  <title>
</title>
<meta http-equiv="Content-Type" content="text/html;charset=utf-8" />
  <meta name='ocr-system' content='tesseract 3.04.00' />
  <meta name='ocr-capabilities' content='ocr_page ocr_carea ocr_par ocr_line ocrx_word'/>
</head>
<body>
  <div class='ocr_page' id='page_1' title='image "./fastiaediliciiin00heil_0055.png"; bbox 0 0 2046 3242; ppageno 0'>
   <div class='ocr_carea' id='block_1_1' title="bbox 839 251 1135 297">
    <p class='ocr_par' dir='ltr' id='par_1_1' title="bbox 839 251 1135 297">
     <span class='ocr_line' id='line_1_1' title="bbox 839 251 1135 297; baseline -0.003 -10"><span class='ocrx_word' id='word_1_1' title='bbox 839 251 1135 297; x_wconf 68' lang='lat'><strong>-47—</strong></span> 
     </span>
    </p>
   </div>
   <div class='ocr_carea' id='block_1_2' title="bbox 204 381 1776 1012">
    <p class='ocr_par' dir='ltr' id='par_1_2' title="bbox 204 381 1774 655">
     <span class='ocr_line' id='line_1_2' title="bbox 204 381 1772 440; baseline -0.005 -8"><span class='ocrx_word' id='word_1_2' title='bbox 204 392 277 433; x_wconf 89' lang='lat' dir='ltr'><strong>tus</strong></span> <span class='ocrx_word' id='word_1_3' title='bbox 308 399 404 432; x_wconf 91' lang='lat' dir='ltr'><strong>esse</strong></span> <span class='ocrx_word' id='word_1_4' title='bbox 433 387 611 431; x_wconf 83' lang='lat' dir='ltr'><strong>videtur</strong></span> <span class='ocrx_word' id='word_1_5' title='bbox 639 398 780 440; x_wconf 88' lang='lat' dir='ltr'><strong>neque</strong></span> <span class='ocrx_word' id='word_1_6' title='bbox 810 397 1072 440; x_wconf 74' lang='lat' dir='ltr'><strong>praenomen</strong></span> <span class='ocrx_word' id='word_1_7' title='bbox 1092 383 1233 427; x_wconf 80' lang='lat' dir='ltr'><strong>Marci</strong></span> <span class='ocrx_word' id='word_1_8' title='bbox 1265 382 1415 438; x_wconf 88' lang='lat' dir='ltr'><strong>gessit.</strong></span> <span class='ocrx_word' id='word_1_9' title='bbox 1457 381 1606 426; x_wconf 90' lang='lat' dir='ltr'><strong>Alium</strong></span> <span class='ocrx_word' id='word_1_10' title='bbox 1626 381 1772 425; x_wconf 63' lang='lat' dir='ltr'><strong>Vesti-</strong></span> 
     </span>
     <span class='ocr_line' id='line_1_3' title="bbox 204 453 1772 513; baseline -0.005 -10"><span class='ocrx_word' id='word_1_11' title='bbox 204 472 306 504; x_wconf 92' lang='lat' dir='ltr'><strong>num</strong></span> <span class='ocrx_word' id='word_1_12' title='bbox 335 462 547 503; x_wconf 89' lang='lat' dir='ltr'><strong>memorat</strong></span> <span class='ocrx_word' id='word_1_13' title='bbox 577 455 819 513; x_wconf 72' lang='lat' dir='ltr'><strong>Tacitus21)</strong></span> <span class='ocrx_word' id='word_1_14' title='bbox 865 456 1022 500; x_wconf 87' lang='lat' dir='ltr'><strong>Curam</strong></span> <span class='ocrx_word' id='word_1_15' title='bbox 1057 454 1320 500; x_wconf 87' lang='lat' dir='ltr'><strong>restituendi</strong></span> <span class='ocrx_word' id='word_1_16' title='bbox 1350 453 1558 509; x_wconf 87' lang='lat' dir='ltr'><strong>Capitolii</strong></span> <span class='ocrx_word' id='word_1_17' title='bbox 1588 453 1772 508; x_wconf 86' lang='lat' dir='ltr'><strong>(Vespa-</strong></span> 
     </span>
     <span class='ocr_line' id='line_1_4' title="bbox 204 524 1774 587; baseline -0.004 -13"><span class='ocrx_word' id='word_1_18' title='bbox 204 530 371 587; x_wconf 87' lang='lat' dir='ltr'><strong>sianus)</strong></span> <span class='ocrx_word' id='word_1_19' title='bbox 403 531 449 573; x_wconf 89' lang='lat' dir='ltr'><strong>in</strong></span> <span class='ocrx_word' id='word_1_20' title='bbox 479 530 528 574; x_wconf 87' lang='lat' dir='ltr'><strong>L.</strong></span> <span class='ocrx_word' id='word_1_21' title='bbox 549 529 780 574; x_wconf 81' lang='lat' dir='ltr'><strong>Vestinum</strong></span> <span class='ocrx_word' id='word_1_22' title='bbox 825 527 1007 582; x_wconf 70' lang='lat' dir='ltr'><strong>confert,</strong></span> <span class='ocrx_word' id='word_1_23' title='bbox 1052 526 1269 581; x_wconf 88' lang='lat' dir='ltr'><strong>equestris</strong></span> <span class='ocrx_word' id='word_1_24' title='bbox 1314 524 1479 569; x_wconf 87' lang='lat' dir='ltr'><strong>ordinis</strong></span> <span class='ocrx_word' id='word_1_25' title='bbox 1509 524 1652 568; x_wconf 86' lang='lat' dir='ltr'><strong>virum</strong></span> <span class='ocrx_word' id='word_1_26' title='bbox 1697 524 1774 567; x_wconf 91' lang='lat' dir='ltr'><strong>sed</strong></span> 
     </span>
     <span class='ocr_line' id='line_1_5' title="bbox 205 601 1098 655; baseline -0.004 -9"><span class='ocrx_word' id='word_1_27' title='bbox 205 602 473 646; x_wconf 86' lang='lat' dir='ltr'><strong>auctoritate</strong></span> <span class='ocrx_word' id='word_1_28' title='bbox 502 601 706 655; x_wconf 76' lang='lat' dir='ltr'><strong>famaque</strong></span> <span class='ocrx_word' id='word_1_29' title='bbox 737 601 854 644; x_wconf 90' lang='lat' dir='ltr'><strong>iuter</strong></span> <span class='ocrx_word' id='word_1_30' title='bbox 883 611 1098 654; x_wconf 86' lang='lat' dir='ltr'><strong>proceres.</strong></span> 
     </span>
    </p>

    <p class='ocr_par' dir='ltr' id='par_1_3' title="bbox 205 667 1774 800">
     <span class='ocr_line' id='line_1_6' title="bbox 347 667 1774 727; baseline -0.005 -10"><span class='ocrx_word' id='word_1_31' title='bbox 347 673 543 717; x_wconf 83' lang='lat' dir='ltr'><strong>Eandem</strong></span> <span class='ocrx_word' id='word_1_32' title='bbox 573 674 630 716; x_wconf 88' lang='lat' dir='ltr'><strong>ad</strong></span> <span class='ocrx_word' id='word_1_33' title='bbox 659 671 932 727; x_wconf 77' lang='lat' dir='ltr'><strong>parentelam</strong></span> <span class='ocrx_word' id='word_1_34' title='bbox 961 670 1185 725; x_wconf 75' lang='lat' dir='ltr'><strong>pertinent</strong></span> <span class='ocrx_word' id='word_1_35' title='bbox 1210 668 1517 724; x_wconf 82' lang='lat' dir='ltr'><strong>inscriptiones</strong></span> <span class='ocrx_word' id='word_1_36' title='bbox 1537 667 1774 722; x_wconf 87' lang='lat' dir='ltr'><strong>ponderum</strong></span> 
     </span>
     <span class='ocr_line' id='line_1_7' title="bbox 205 736 1774 800; baseline -0.004 -11"><span class='ocrx_word' id='word_1_37' title='bbox 205 745 478 800; x_wconf 79' lang='lat' dir='ltr'><strong>aheneorum,</strong></span> <span class='ocrx_word' id='word_1_38' title='bbox 495 756 607 799; x_wconf 88' lang='lat' dir='ltr'><strong>quae</strong></span> <span class='ocrx_word' id='word_1_39' title='bbox 622 748 800 798; x_wconf 89' lang='lat' dir='ltr'><strong>reperta</strong></span> <span class='ocrx_word' id='word_1_40' title='bbox 814 746 918 786; x_wconf 90' lang='lat' dir='ltr'><strong>suut</strong></span> <span class='ocrx_word' id='word_1_41' title='bbox 933 741 1241 794; x_wconf 86' lang='lat' dir='ltr'><strong>Alexandriae,</strong></span> <span class='ocrx_word' id='word_1_42' title='bbox 1257 745 1307 784; x_wconf 92' lang='lat' dir='ltr'><strong>ut</strong></span> <span class='ocrx_word' id='word_1_43' title='bbox 1321 744 1517 795; x_wconf 86' lang='lat' dir='ltr'><strong>putatur,</strong></span> <span class='ocrx_word' id='word_1_44' title='bbox 1533 743 1579 783; x_wconf 91' lang='lat' dir='ltr'><strong>et</strong></span> <span class='ocrx_word' id='word_1_45' title='bbox 1595 736 1774 794; x_wconf 84' lang='lat' dir='ltr'><strong>Copti.¹)</strong></span> 
     </span>
    </p>

    <p class='ocr_par' dir='ltr' id='par_1_4' title="bbox 204 810 1776 1012">
     <span class='ocr_line' id='line_1_8' title="bbox 347 810 1773 872; baseline -0.005 -12"><span class='ocrx_word' id='word_1_46' title='bbox 347 816 514 872; x_wconf 86' lang='lat' dir='ltr'><strong>Quibus</strong></span> <span class='ocrx_word' id='word_1_47' title='bbox 555 828 579 858; x_wconf 89' lang='lat' dir='ltr'><strong>e</strong></span> <span class='ocrx_word' id='word_1_48' title='bbox 614 814 877 859; x_wconf 86' lang='lat' dir='ltr'><strong>testimoniis</strong></span> <span class='ocrx_word' id='word_1_49' title='bbox 917 812 1192 867; x_wconf 88' lang='lat' dir='ltr'><strong>intellegitur</strong></span> <span class='ocrx_word' id='word_1_50' title='bbox 1223 812 1372 855; x_wconf 90' lang='lat' dir='ltr'><strong>Iunios</strong></span> <span class='ocrx_word' id='word_1_51' title='bbox 1402 811 1608 855; x_wconf 85' lang='lat' dir='ltr'><strong>Vestinos</strong></span> <span class='ocrx_word' id='word_1_52' title='bbox 1639 810 1773 854; x_wconf 83' lang='lat' dir='ltr'><strong>floru-</strong></span> 
     </span>
     <span class='ocr_line' id='line_1_9' title="bbox 204 882 1776 943; baseline -0.004 -12"><span class='ocrx_word' id='word_1_53' title='bbox 204 887 291 931; x_wconf 86' lang='lat' dir='ltr'><strong>isse</strong></span> <span class='ocrx_word' id='word_1_54' title='bbox 329 887 467 943; x_wconf 88' lang='lat' dir='ltr'><strong>primo</strong></span> <span class='ocrx_word' id='word_1_55' title='bbox 509 899 550 941; x_wconf 87' lang='lat' dir='ltr'><strong>p.</strong></span> <span class='ocrx_word' id='word_1_56' title='bbox 581 885 680 931; x_wconf 85' lang='lat' dir='ltr'><strong>Chr.</strong></span> <span class='ocrx_word' id='word_1_57' title='bbox 710 898 751 928; x_wconf 89' lang='lat' dir='ltr'><strong>u.</strong></span> <span class='ocrx_word' id='word_1_58' title='bbox 782 884 968 938; x_wconf 88' lang='lat' dir='ltr'><strong>saeculo,</strong></span> <span class='ocrx_word' id='word_1_59' title='bbox 1015 883 1138 927; x_wconf 87' lang='lat' dir='ltr'><strong>euius</strong></span> <span class='ocrx_word' id='word_1_60' title='bbox 1183 883 1311 926; x_wconf 87' lang='lat' dir='ltr'><strong>finem</strong></span> <span class='ocrx_word' id='word_1_61' title='bbox 1357 895 1514 937; x_wconf 88' lang='lat' dir='ltr'><strong>magno</strong></span> <span class='ocrx_word' id='word_1_62' title='bbox 1556 882 1776 925; x_wconf 89' lang='lat' dir='ltr'><strong>nominum</strong></span> 
     </span>
     <span class='ocr_line' id='line_1_10' title="bbox 204 957 829 1012; baseline -0.008 -7"><span class='ocrx_word' id='word_1_63' title='bbox 204 970 382 1005; x_wconf 88' lang='lat' dir='ltr'><strong>numero</strong></span> <span class='ocrx_word' id='word_1_64' title='bbox 411 957 585 1003; x_wconf 83' lang='lat' dir='ltr'><strong>ostendi</strong></span> <span class='ocrx_word' id='word_1_65' title='bbox 613 960 829 1012; x_wconf 88' lang='lat' dir='ltr'><strong>putamus.</strong></span> 
     </span>
    </p>
   </div>
   <div class='ocr_carea' id='block_1_3' title="bbox 68 1076 1958 2033">
    <p class='ocr_par' dir='ltr' id='par_1_5' title="bbox 68 1076 1958 1523">
     <span class='ocr_line' id='line_1_11' title="bbox 135 1076 1957 1176; baseline -0.005 -29"><span class='ocrx_word' id='word_1_66' title='bbox 135 1105 202 1147; x_wconf 86' lang='lat'><strong>75.</strong></span> <span class='ocrx_word' id='word_1_67' title='bbox 598 1098 660 1143; x_wconf 80' lang='grc' dir='ltr'><strong>Τ.</strong></span> <span class='ocrx_word' id='word_1_68' title='bbox 693 1098 912 1143; x_wconf 75' lang='lat' dir='ltr'><strong>Marciu-</strong></span> <span class='ocrx_word' id='word_1_69' title='bbox 943 1096 1100 1155; x_wconf 64' lang='grc' dir='ltr'><strong>(παις.</strong></span> <span class='ocrx_word' id='word_1_70' title='bbox 1132 1076 1203 1140; x_wconf 73' lang='lat' dir='ltr'><strong>Le</strong></span> <span class='ocrx_word' id='word_1_71' title='bbox 1235 1127 1248 1140; x_wconf 91' lang='lat'><strong>.</strong></span> <span class='ocrx_word' id='word_1_72' title='bbox 1281 1127 1294 1140; x_wconf 91' lang='lat'><strong>.</strong></span> <span class='ocrx_word' id='word_1_73' title='bbox 1327 1095 1377 1153; x_wconf 88' lang='lat'><strong>.).</strong></span> <span class='ocrx_word' id='word_1_74' title='bbox 1808 1093 1957 1176; x_wconf 52' lang='lat' dir='ltr'><strong>{iffi</strong></span> 
     </span>
     <span class='ocr_line' id='line_1_12' title="bbox 68 1178 1958 1241; baseline -0.003 -12"><span class='ocrx_word' id='word_1_75' title='bbox 68 1183 69 1186; x_wconf 71' lang='grc'>’</span> <span class='ocrx_word' id='word_1_76' title='bbox 347 1185 465 1241; x_wconf 85' lang='lat' dir='ltr'><strong>Quos</strong></span> <span class='ocrx_word' id='word_1_77' title='bbox 511 1183 650 1238; x_wconf 85' lang='lat' dir='ltr'><strong>gessit</strong></span> <span class='ocrx_word' id='word_1_78' title='bbox 685 1183 871 1227; x_wconf 86' lang='lat' dir='ltr'><strong>honores</strong></span> <span class='ocrx_word' id='word_1_79' title='bbox 913 1181 1198 1226; x_wconf 88' lang='lat' dir='ltr'><strong>inveniuntur</strong></span> <span class='ocrx_word' id='word_1_80' title='bbox 1228 1181 1273 1224; x_wconf 91' lang='lat' dir='ltr'><strong>in</strong></span> <span class='ocrx_word' id='word_1_81' title='bbox 1303 1179 1589 1235; x_wconf 83' lang='lat' dir='ltr'><strong>inscriptione</strong></span> <span class='ocrx_word' id='word_1_82' title='bbox 1619 1178 1776 1223; x_wconf 83' lang='lat' dir='ltr'><strong>Tibur·</strong></span> <span class='ocrx_word' id='word_1_83' title='bbox 1807 1189 1958 1224; x_wconf 64' lang='lat' dir='ltr'><strong>alterius</strong></span> 
     </span>
     <span class='ocr_line' id='line_1_13' title="bbox 204 1236 1956 1306; baseline -0.004 -6"><span class='ocrx_word' id='word_1_84' title='bbox 204 1257 300 1300; x_wconf 71' lang='lat' dir='ltr'><strong>tina</strong></span> <span class='ocrx_word' id='word_1_85' title='bbox 330 1256 426 1300; x_wconf 84' lang='lat' dir='ltr'><strong>CIL</strong></span> <span class='ocrx_word' id='word_1_86' title='bbox 456 1255 566 1300; x_wconf 87' lang='lat' dir='ltr'><strong>x1v</strong></span> <span class='ocrx_word' id='word_1_87' title='bbox 598 1256 732 1299; x_wconf 84' lang='lat'>3595:</span> <span class='ocrx_word' id='word_1_88' title='bbox 778 1253 865 1298; x_wconf 75' lang='lat' dir='ltr'><strong>fuit</strong></span> <span class='ocrx_word' id='word_1_89' title='bbox 897 1254 1101 1297; x_wconf 78' lang='lat' dir='ltr'><strong>sacerdos</strong></span> <span class='ocrx_word' id='word_1_90' title='bbox 1132 1251 1311 1306; x_wconf 73' lang='lat' dir='ltr'><strong>fetialis,</strong></span> <span class='ocrx_word' id='word_1_91' title='bbox 1356 1251 1560 1295; x_wconf 58' lang='lat' dir='ltr'><strong>tabanus</strong></span> <span class='ocrx_word' id='word_1_92' title='bbox 1590 1250 1776 1294; x_wconf 75' lang='lat' dir='ltr'><strong>muitum</strong></span> <span class='ocrx_word' id='word_1_93' title='bbox 1810 1236 1956 1272; x_wconf 61' lang='lat'><strong>“0⁰⁰5-</strong></span> 
     </span>
     <span class='ocr_line' id='line_1_14' title="bbox 203 1322 1777 1383; baseline -0.004 -11"><span class='ocrx_word' id='word_1_94' title='bbox 203 1327 389 1383; x_wconf 88' lang='lat' dir='ltr'><strong>legionis</strong></span> <span class='ocrx_word' id='word_1_95' title='bbox 439 1327 549 1371; x_wconf 92' lang='lat' dir='ltr'><strong>XIV</strong></span> <span class='ocrx_word' id='word_1_96' title='bbox 599 1326 828 1380; x_wconf 84' lang='lat' dir='ltr'><strong>Geminae,</strong></span> <span class='ocrx_word' id='word_1_97' title='bbox 882 1330 1091 1380; x_wconf 85' lang='lat' dir='ltr'><strong>quaestor</strong></span> <span class='ocrx_word' id='word_1_98' title='bbox 1139 1336 1219 1379; x_wconf 89' lang='lat' dir='ltr'><strong>pro</strong></span> <span class='ocrx_word' id='word_1_99' title='bbox 1268 1328 1474 1378; x_wconf 90' lang='lat' dir='ltr'><strong>praetore</strong></span> <span class='ocrx_word' id='word_1_100' title='bbox 1523 1322 1777 1377; x_wconf 88' lang='lat' dir='ltr'><strong>provinciae</strong></span> 
     </span>
     <span class='ocr_line' id='line_1_15' title="bbox 204 1394 1776 1454; baseline -0.004 -11"><span class='ocrx_word' id='word_1_101' title='bbox 204 1399 411 1454; x_wconf 79' lang='lat' dir='ltr'><strong>Achaiae,</strong></span> <span class='ocrx_word' id='word_1_102' title='bbox 451 1399 507 1443; x_wconf 90' lang='lat' dir='ltr'><strong>ab</strong></span> <span class='ocrx_word' id='word_1_103' title='bbox 539 1398 652 1442; x_wconf 86' lang='lat' dir='ltr'><strong>actis</strong></span> <span class='ocrx_word' id='word_1_104' title='bbox 681 1401 873 1451; x_wconf 89' lang='lat' dir='ltr'><strong>senatus,</strong></span> <span class='ocrx_word' id='word_1_105' title='bbox 903 1396 1059 1440; x_wconf 89' lang='lat' dir='ltr'><strong>aedilis</strong></span> <span class='ocrx_word' id='word_1_106' title='bbox 1088 1395 1264 1449; x_wconf 89' lang='lat' dir='ltr'><strong>curulis,</strong></span> <span class='ocrx_word' id='word_1_107' title='bbox 1294 1398 1475 1450; x_wconf 90' lang='lat' dir='ltr'><strong>praetor</strong></span> <span class='ocrx_word' id='word_1_108' title='bbox 1504 1394 1776 1448; x_wconf 85' lang='lat' dir='ltr'><strong>candidatus,</strong></span> 
     </span>
     <span class='ocr_line' id='line_1_16' title="bbox 205 1467 1511 1523; baseline -0.004 -8"><span class='ocrx_word' id='word_1_109' title='bbox 205 1474 383 1515; x_wconf 89' lang='lat' dir='ltr'><strong>curator</strong></span> <span class='ocrx_word' id='word_1_110' title='bbox 412 1470 512 1515; x_wconf 87' lang='lat' dir='ltr'><strong>viae</strong></span> <span class='ocrx_word' id='word_1_111' title='bbox 542 1469 743 1523; x_wconf 86' lang='lat' dir='ltr'><strong>Latinae,</strong></span> <span class='ocrx_word' id='word_1_112' title='bbox 773 1468 948 1523; x_wconf 88' lang='lat' dir='ltr'><strong>legatus</strong></span> <span class='ocrx_word' id='word_1_113' title='bbox 978 1467 1163 1522; x_wconf 84' lang='lat' dir='ltr'><strong>legionis</strong></span> <span class='ocrx_word' id='word_1_114' title='bbox 1194 1467 1240 1511; x_wconf 92' lang='lat'><strong>11</strong></span> <span class='ocrx_word' id='word_1_115' title='bbox 1270 1467 1511 1520; x_wconf 83' lang='lat' dir='ltr'><strong>Augustae.</strong></span> 
     </span>
    </p>

    <p class='ocr_par' dir='ltr' id='par_1_6' title="bbox 203 1536 1776 1813">
     <span class='ocr_line' id='line_1_17' title="bbox 347 1536 1776 1594; baseline -0.005 -8"><span class='ocrx_word' id='word_1_116' title='bbox 347 1541 518 1586; x_wconf 83' lang='lat' dir='ltr'><strong>Extant</strong></span> <span class='ocrx_word' id='word_1_117' title='bbox 548 1542 632 1585; x_wconf 89' lang='lat' dir='ltr'><strong>duo</strong></span> <span class='ocrx_word' id='word_1_118' title='bbox 663 1540 792 1584; x_wconf 91' lang='lat' dir='ltr'><strong>huius</strong></span> <span class='ocrx_word' id='word_1_119' title='bbox 823 1539 945 1584; x_wconf 88' lang='lat' dir='ltr'><strong>tituli</strong></span> <span class='ocrx_word' id='word_1_120' title='bbox 972 1538 1238 1594; x_wconf 85' lang='lat' dir='ltr'><strong>apographa,</strong></span> <span class='ocrx_word' id='word_1_121' title='bbox 1270 1549 1451 1592; x_wconf 91' lang='lat' dir='ltr'><strong>quorum</strong></span> <span class='ocrx_word' id='word_1_122' title='bbox 1472 1537 1660 1581; x_wconf 84' lang='lat' dir='ltr'><strong>alterum</strong></span> <span class='ocrx_word' id='word_1_123' title='bbox 1681 1536 1776 1580; x_wconf 89' lang='lat' dir='ltr'><strong>loco</strong></span> 
     </span>
     <span class='ocr_line' id='line_1_18' title="bbox 205 1608 1775 1670; baseline -0.006 -11"><span class='ocrx_word' id='word_1_124' title='bbox 205 1613 471 1669; x_wconf 87' lang='lat' dir='ltr'><strong>cognominis</strong></span> <span class='ocrx_word' id='word_1_125' title='bbox 502 1614 653 1670; x_wconf 78' lang='lat' dir='ltr'><strong>Falqle</strong></span> <span class='ocrx_word' id='word_1_126' title='bbox 683 1612 873 1665; x_wconf 85' lang='lat' dir='ltr'><strong>exhibet,</strong></span> <span class='ocrx_word' id='word_1_127' title='bbox 913 1610 1100 1655; x_wconf 87' lang='lat' dir='ltr'><strong>alterum</strong></span> <span class='ocrx_word' id='word_1_128' title='bbox 1131 1611 1187 1653; x_wconf 87' lang='lat' dir='ltr'><strong>ab</strong></span> <span class='ocrx_word' id='word_1_129' title='bbox 1219 1610 1468 1653; x_wconf 81' lang='lat' dir='ltr'><strong>Hermanno</strong></span> <span class='ocrx_word' id='word_1_130' title='bbox 1500 1608 1671 1652; x_wconf 89' lang='lat' dir='ltr'><strong>Dessau</strong></span> <span class='ocrx_word' id='word_1_131' title='bbox 1702 1609 1775 1650; x_wconf 86' lang='lat' dir='ltr'><strong>de·</strong></span> 
     </span>
     <span class='ocr_line' id='line_1_19' title="bbox 203 1679 1776 1741; baseline -0.004 -13"><span class='ocrx_word' id='word_1_132' title='bbox 203 1685 415 1740; x_wconf 89' lang='lat' dir='ltr'><strong>scriptum</strong></span> <span class='ocrx_word' id='word_1_133' title='bbox 445 1684 672 1728; x_wconf 87' lang='lat' dir='ltr'><strong>distribuit</strong></span> <span class='ocrx_word' id='word_1_134' title='bbox 702 1684 824 1741; x_wconf 71' lang='lat' dir='ltr'><strong>Falq.</strong></span> <span class='ocrx_word' id='word_1_135' title='bbox 856 1684 920 1728; x_wconf 76' lang='lat' dir='ltr'><strong>Le</strong></span> <span class='ocrx_word' id='word_1_136' title='bbox 952 1715 962 1726; x_wconf 91' lang='lat'>.</span> <span class='ocrx_word' id='word_1_137' title='bbox 997 1716 1007 1727; x_wconf 91' lang='lat'><strong>.</strong></span> <span class='ocrx_word' id='word_1_138' title='bbox 1041 1715 1051 1726; x_wconf 90' lang='lat'>.</span> <span class='ocrx_word' id='word_1_139' title='bbox 1083 1682 1161 1735; x_wconf 79' lang='lat' dir='ltr'><strong>ita,</strong></span> <span class='ocrx_word' id='word_1_140' title='bbox 1202 1685 1251 1725; x_wconf 91' lang='lat' dir='ltr'><strong>ut</strong></span> <span class='ocrx_word' id='word_1_141' title='bbox 1283 1681 1409 1739; x_wconf 75' lang='lat' dir='ltr'><strong>Faly.</strong></span> <span class='ocrx_word' id='word_1_142' title='bbox 1441 1692 1596 1723; x_wconf 90' lang='lat' dir='ltr'><strong>nomen</strong></span> <span class='ocrx_word' id='word_1_143' title='bbox 1633 1679 1776 1723; x_wconf 88' lang='lat' dir='ltr'><strong>tribus</strong></span> 
     </span>
     <span class='ocr_line' id='line_1_20' title="bbox 204 1748 1775 1813; baseline -0.004 -13"><span class='ocrx_word' id='word_1_144' title='bbox 204 1756 416 1813; x_wconf 87' lang='lat' dir='ltr'><strong>(ceterum</strong></span> <span class='ocrx_word' id='word_1_145' title='bbox 431 1756 609 1811; x_wconf 88' lang='lat' dir='ltr'><strong>ignotae</strong></span> <span class='ocrx_word' id='word_1_146' title='bbox 616 1755 658 1811; x_wconf 79' lang='lat'><strong>1),</strong></span> <span class='ocrx_word' id='word_1_147' title='bbox 678 1756 742 1802; x_wconf 78' lang='lat' dir='ltr'><strong>Lo</strong></span> <span class='ocrx_word' id='word_1_148' title='bbox 759 1788 769 1799; x_wconf 92' lang='lat'><strong>.</strong></span> <span class='ocrx_word' id='word_1_149' title='bbox 788 1788 798 1798; x_wconf 90' lang='lat'><strong>.</strong></span> <span class='ocrx_word' id='word_1_150' title='bbox 817 1788 828 1798; x_wconf 93' lang='lat'>.</span> <span class='ocrx_word' id='word_1_151' title='bbox 846 1753 1058 1808; x_wconf 87' lang='lat' dir='ltr'><strong>reliquiae</strong></span> <span class='ocrx_word' id='word_1_152' title='bbox 1074 1752 1342 1807; x_wconf 86' lang='lat' dir='ltr'><strong>cognominis</strong></span> <span class='ocrx_word' id='word_1_153' title='bbox 1357 1751 1495 1796; x_wconf 74' lang='lat' dir='ltr'><strong>fuisse</strong></span> <span class='ocrx_word' id='word_1_154' title='bbox 1514 1748 1775 1807; x_wconf 78' lang='lat' dir='ltr'><strong>putentur.⁸)</strong></span> 
     </span>
    </p>

    <p class='ocr_par' dir='ltr' id='par_1_7' title="bbox 127 1822 1776 2033">
     <span class='ocr_line' id='line_1_21' title="bbox 346 1822 1776 1882; baseline -0.004 -11"><span class='ocrx_word' id='word_1_155' title='bbox 346 1827 386 1871; x_wconf 88' lang='grc' dir='ltr'>Ε</span> <span class='ocrx_word' id='word_1_156' title='bbox 417 1826 602 1882; x_wconf 86' lang='lat' dir='ltr'><strong>singulis</strong></span> <span class='ocrx_word' id='word_1_157' title='bbox 646 1826 896 1871; x_wconf 90' lang='lat' dir='ltr'><strong>muneribus</strong></span> <span class='ocrx_word' id='word_1_158' title='bbox 928 1825 1085 1868; x_wconf 80' lang='lat' dir='ltr'><strong>Marcii</strong></span> <span class='ocrx_word' id='word_1_159' title='bbox 1130 1829 1255 1868; x_wconf 86' lang='lat' dir='ltr'><strong>aetas</strong></span> <span class='ocrx_word' id='word_1_160' title='bbox 1294 1823 1473 1879; x_wconf 90' lang='lat' dir='ltr'><strong>propius</strong></span> <span class='ocrx_word' id='word_1_161' title='bbox 1504 1822 1776 1866; x_wconf 90' lang='lat' dir='ltr'><strong>circumsribi</strong></span> 
     </span>
     <span class='ocr_line' id='line_1_22' title="bbox 203 1895 1776 1955; baseline -0.004 -12"><span class='ocrx_word' id='word_1_162' title='bbox 203 1899 375 1953; x_wconf 85' lang='lat' dir='ltr'><strong>nequit3</strong></span> <span class='ocrx_word' id='word_1_163' title='bbox 420 1895 672 1955; x_wconf 78' lang='lat' dir='ltr'><strong>Huebner⁴)</strong></span> <span class='ocrx_word' id='word_1_164' title='bbox 719 1910 816 1942; x_wconf 91' lang='lat' dir='ltr'><strong>eum</strong></span> <span class='ocrx_word' id='word_1_165' title='bbox 861 1897 1050 1941; x_wconf 87' lang='lat' dir='ltr'><strong>secundo</strong></span> <span class='ocrx_word' id='word_1_166' title='bbox 1096 1895 1272 1940; x_wconf 87' lang='lat' dir='ltr'><strong>saeculo</strong></span> <span class='ocrx_word' id='word_1_167' title='bbox 1312 1895 1641 1939; x_wconf 87' lang='lat' dir='ltr'><strong>attribuendum</strong></span> <span class='ocrx_word' id='word_1_168' title='bbox 1680 1907 1776 1937; x_wconf 90' lang='lat' dir='ltr'><strong>esse</strong></span> 
     </span>
     <span class='ocr_line' id='line_1_23' title="bbox 127 1971 603 2033; baseline -0.002 -17"><span class='ocrx_word' id='word_1_169' title='bbox 127 2029 133 2033; x_wconf 85' lang='lat'>.</span> <span class='ocrx_word' id='word_1_170' title='bbox 203 1971 494 2016; x_wconf 88' lang='lat' dir='ltr'><strong>ratiocinatus</strong></span> <span class='ocrx_word' id='word_1_171' title='bbox 524 1973 603 2015; x_wconf 86' lang='lat' dir='ltr'><strong>est.</strong></span> 
     </span>
    </p>
   </div>
   <div class='ocr_carea' id='block_1_4' title="bbox 135 2109 1934 2167">
    <p class='ocr_par' dir='ltr' id='par_1_8' title="bbox 135 2109 1934 2167">
     <span class='ocr_line' id='line_1_24' title="bbox 135 2109 1934 2167; baseline -0.005 -8"><span class='ocrx_word' id='word_1_172' title='bbox 135 2116 203 2159; x_wconf 85' lang='lat'><strong>76.</strong></span> <span class='ocrx_word' id='word_1_173' title='bbox 558 2111 616 2167; x_wconf 82' lang='lat' dir='ltr'><strong>Q.</strong></span> <span class='ocrx_word' id='word_1_174' title='bbox 649 2111 910 2157; x_wconf 66' lang='lat' dir='ltr'><strong>Cannutius</strong></span> <span class='ocrx_word' id='word_1_175' title='bbox 941 2110 1196 2156; x_wconf 77' lang='lat' dir='ltr'><strong>Numisius</strong></span> <span class='ocrx_word' id='word_1_176' title='bbox 1227 2110 1414 2155; x_wconf 83' lang='lat' dir='ltr'><strong>Iunior.</strong></span> <span class='ocrx_word' id='word_1_177' title='bbox 1833 2109 1934 2144; x_wconf 64' lang='lat' dir='ltr'><strong>Inter</strong></span> 
     </span>
    </p>
   </div>
   <div class='ocr_carea' id='block_1_5' title="bbox 204 2158 1989 2608">
    <p class='ocr_par' dir='ltr' id='par_1_9' title="bbox 204 2158 1989 2608">
     <span class='ocr_line' id='line_1_25' title="bbox 347 2158 1989 2251; baseline -0.001 -10"><span class='ocrx_word' id='word_1_178' title='bbox 347 2197 547 2241; x_wconf 87' lang='lat' dir='ltr'><strong>Honores</strong></span> <span class='ocrx_word' id='word_1_179' title='bbox 587 2197 801 2251; x_wconf 88' lang='lat' dir='ltr'><strong>praebent</strong></span> <span class='ocrx_word' id='word_1_180' title='bbox 830 2195 953 2240; x_wconf 90' lang='lat' dir='ltr'><strong>tituli</strong></span> <span class='ocrx_word' id='word_1_181' title='bbox 983 2195 1205 2240; x_wconf 88' lang='lat' dir='ltr'><strong>Attidiani</strong></span> <span class='ocrx_word' id='word_1_182' title='bbox 1234 2194 1281 2238; x_wconf 91' lang='lat' dir='ltr'><strong>in</strong></span> <span class='ocrx_word' id='word_1_183' title='bbox 1310 2198 1483 2249; x_wconf 85' lang='lat' dir='ltr'><strong>partem</strong></span> <span class='ocrx_word' id='word_1_184' title='bbox 1513 2193 1649 2237; x_wconf 89' lang='lat' dir='ltr'><strong>deleti</strong></span> <span class='ocrx_word' id='word_1_185' title='bbox 1679 2158 1989 2239; x_wconf 51' lang='lat' dir='ltr'><strong>01L1fbfff‘i7.</strong></span> 
     </span>
     <span class='ocr_line' id='line_1_26' title="bbox 204 2264 1776 2323; baseline -0.003 -11"><span class='ocrx_word' id='word_1_186' title='bbox 204 2268 273 2313; x_wconf 91' lang='lat' dir='ltr'><strong>XI</strong></span> <span class='ocrx_word' id='word_1_187' title='bbox 289 2264 612 2323; x_wconf 67' lang='lat'><strong>&#39;5670—5672,</strong></span> <span class='ocrx_word' id='word_1_188' title='bbox 643 2268 800 2322; x_wconf 91' lang='lat' dir='ltr'><strong>quibus</strong></span> <span class='ocrx_word' id='word_1_189' title='bbox 831 2267 1004 2311; x_wconf 88' lang='lat' dir='ltr'><strong>collatis</strong></span> <span class='ocrx_word' id='word_1_190' title='bbox 1035 2271 1081 2310; x_wconf 88' lang='lat' dir='ltr'><strong>et</strong></span> <span class='ocrx_word' id='word_1_191' title='bbox 1111 2266 1287 2310; x_wconf 88' lang='lat' dir='ltr'><strong>uomina</strong></span> <span class='ocrx_word' id='word_1_192' title='bbox 1316 2270 1363 2310; x_wconf 92' lang='lat' dir='ltr'><strong>et</strong></span> <span class='ocrx_word' id='word_1_193' title='bbox 1392 2265 1439 2309; x_wconf 91' lang='lat' dir='ltr'><strong>hi</strong></span> <span class='ocrx_word' id='word_1_194' title='bbox 1470 2265 1644 2308; x_wconf 84' lang='lat' dir='ltr'><strong>collecti</strong></span> <span class='ocrx_word' id='word_1_195' title='bbox 1674 2269 1776 2308; x_wconf 90' lang='lat' dir='ltr'><strong>sunt</strong></span> 
     </span>
     <span class='ocr_line' id='line_1_27' title="bbox 205 2335 1776 2394; baseline -0.004 -10"><span class='ocrx_word' id='word_1_196' title='bbox 205 2339 511 2394; x_wconf 86' lang='lat' dir='ltr'><strong>magistratus:</strong></span> <span class='ocrx_word' id='word_1_197' title='bbox 557 2339 779 2383; x_wconf 86' lang='lat' dir='ltr'><strong>Triumvir</strong></span> <span class='ocrx_word' id='word_1_198' title='bbox 828 2351 931 2382; x_wconf 89' lang='lat' dir='ltr'><strong>aere</strong></span> <span class='ocrx_word' id='word_1_199' title='bbox 981 2343 1165 2392; x_wconf 88' lang='lat' dir='ltr'><strong>argento</strong></span> <span class='ocrx_word' id='word_1_200' title='bbox 1217 2349 1324 2380; x_wconf 89' lang='lat' dir='ltr'><strong>auro</strong></span> <span class='ocrx_word' id='word_1_201' title='bbox 1374 2335 1518 2379; x_wconf 85' lang='lat' dir='ltr'><strong>flando</strong></span> <span class='ocrx_word' id='word_1_202' title='bbox 1563 2335 1776 2390; x_wconf 80' lang='lat' dir='ltr'><strong>feriundo,</strong></span> 
     </span>
     <span class='ocr_line' id='line_1_28' title="bbox 205 2406 1775 2464; baseline -0.003 -9"><span class='ocrx_word' id='word_1_203' title='bbox 205 2410 408 2455; x_wconf 89' lang='lat' dir='ltr'><strong>tribunus</strong></span> <span class='ocrx_word' id='word_1_204' title='bbox 438 2410 625 2454; x_wconf 90' lang='lat' dir='ltr'><strong>militum</strong></span> <span class='ocrx_word' id='word_1_205' title='bbox 654 2409 840 2464; x_wconf 89' lang='lat' dir='ltr'><strong>legionis</strong></span> <span class='ocrx_word' id='word_1_206' title='bbox 870 2410 939 2453; x_wconf 90' lang='lat' dir='ltr'><strong>IX</strong></span> <span class='ocrx_word' id='word_1_207' title='bbox 959 2409 1196 2463; x_wconf 84' lang='lat' dir='ltr'><strong>Hispanae,</strong></span> <span class='ocrx_word' id='word_1_208' title='bbox 1226 2407 1390 2451; x_wconf 88' lang='lat' dir='ltr'><strong>sodalis</strong></span> <span class='ocrx_word' id='word_1_209' title='bbox 1419 2407 1596 2451; x_wconf 81' lang='lat' dir='ltr'><strong>&#39;Pitialis</strong></span> <span class='ocrx_word' id='word_1_210' title='bbox 1627 2406 1775 2450; x_wconf 85' lang='lat' dir='ltr'><strong>Flavi·</strong></span> 
     </span>
     <span class='ocr_line' id='line_1_29' title="bbox 206 2477 1777 2537; baseline -0.003 -11"><span class='ocrx_word' id='word_1_211' title='bbox 206 2481 301 2537; x_wconf 55' lang='lat' dir='ltr'><strong>alia</strong></span> <span class='ocrx_word' id='word_1_212' title='bbox 332 2484 540 2536; x_wconf 88' lang='lat' dir='ltr'><strong>quaestor</strong></span> <span class='ocrx_word' id='word_1_213' title='bbox 559 2482 763 2535; x_wconf 87' lang='lat' dir='ltr'><strong>urbanus,</strong></span> <span class='ocrx_word' id='word_1_214' title='bbox 794 2480 950 2524; x_wconf 88' lang='lat' dir='ltr'><strong>aedilis</strong></span> <span class='ocrx_word' id='word_1_215' title='bbox 971 2480 1146 2534; x_wconf 59' lang='lat' dir='ltr'><strong>curulia</strong></span> <span class='ocrx_word' id='word_1_216' title='bbox 1176 2483 1367 2534; x_wconf 89' lang='lat' dir='ltr'><strong>praetor,</strong></span> <span class='ocrx_word' id='word_1_217' title='bbox 1387 2478 1564 2534; x_wconf 88' lang='lat' dir='ltr'><strong>legatus</strong></span> <span class='ocrx_word' id='word_1_218' title='bbox 1584 2477 1777 2532; x_wconf 89' lang='lat' dir='ltr'><strong>Augusti</strong></span> 
     </span>
     <span class='ocr_line' id='line_1_30' title="bbox 205 2551 937 2608; baseline -0.001 -12"><span class='ocrx_word' id='word_1_219' title='bbox 205 2552 391 2608; x_wconf 84' lang='lat' dir='ltr'><strong>legionis</strong></span> <span class='ocrx_word' id='word_1_220' title='bbox 422 2587 432 2597; x_wconf 91' lang='lat'><strong>.</strong></span> <span class='ocrx_word' id='word_1_221' title='bbox 463 2587 474 2597; x_wconf 90' lang='lat'><strong><em>.</em></strong></span> <span class='ocrx_word' id='word_1_222' title='bbox 505 2586 515 2596; x_wconf 93' lang='lat'>.</span> <span class='ocrx_word' id='word_1_223' title='bbox 547 2556 593 2597; x_wconf 90' lang='lat' dir='ltr'><strong>et</strong></span> <span class='ocrx_word' id='word_1_224' title='bbox 622 2552 687 2596; x_wconf 90' lang='lat' dir='ltr'><strong>VI</strong></span> <span class='ocrx_word' id='word_1_225' title='bbox 717 2551 937 2596; x_wconf 89' lang='lat' dir='ltr'><strong>Victricis.</strong></span> 
     </span>
    </p>
   </div>
   <div class='ocr_carea' id='block_1_6' title="bbox 206 2637 492 2643">
    <p class='ocr_par' dir='ltr' id='par_1_10' title="bbox 206 2637 492 2643">
     <span class='ocr_line' id='line_1_31' title="bbox 206 2637 492 2643; baseline 0 0"><span class='ocrx_word' id='word_1_226' title='bbox 206 2637 492 2643; x_wconf 95' lang='lat' dir='ltr'><strong> </strong></span> 
     </span>
    </p>
   </div>
   <div class='ocr_carea' id='block_1_7' title="bbox 207 2682 1775 2966">
    <p class='ocr_par' dir='ltr' id='par_1_11' title="bbox 351 2682 669 2728">
     <span class='ocr_line' id='line_1_32' title="bbox 351 2682 669 2728; baseline 0 -10"><span class='ocrx_word' id='word_1_227' title='bbox 351 2682 387 2728; x_wconf 84' lang='lat'><strong>1)</strong></span> <span class='ocrx_word' id='word_1_228' title='bbox 410 2682 508 2719; x_wconf 83' lang='lat' dir='ltr'><strong>Hist.</strong></span> <span class='ocrx_word' id='word_1_229' title='bbox 532 2682 588 2719; x_wconf 90' lang='lat' dir='ltr'><strong>IV</strong></span> <span class='ocrx_word' id='word_1_230' title='bbox 611 2682 669 2718; x_wconf 80' lang='lat'><strong>53.</strong></span> 
     </span>
    </p>

    <p class='ocr_par' dir='ltr' id='par_1_12' title="bbox 348 2741 802 2789">
     <span class='ocr_line' id='line_1_33' title="bbox 348 2741 802 2789; baseline -0.002 -11"><span class='ocrx_word' id='word_1_231' title='bbox 348 2742 386 2789; x_wconf 80' lang='lat'><strong>2)</strong></span> <span class='ocrx_word' id='word_1_232' title='bbox 410 2741 499 2778; x_wconf 87' lang='lat' dir='ltr'>IGB.</span> <span class='ocrx_word' id='word_1_233' title='bbox 522 2741 542 2778; x_wconf 88' lang='grc' dir='ltr'>Ι</span> <span class='ocrx_word' id='word_1_234' title='bbox 568 2741 671 2778; x_wconf 81' lang='lat'><strong>13⁷4.</strong></span> <span class='ocrx_word' id='word_1_235' title='bbox 698 2741 802 2778; x_wconf 74' lang='lat'><strong>1379.</strong></span> 
     </span>
    </p>

    <p class='ocr_par' dir='ltr' id='par_1_13' title="bbox 207 2800 1775 2908">
     <span class='ocr_line' id='line_1_34' title="bbox 349 2800 1775 2847; baseline -0.002 -10"><span class='ocrx_word' id='word_1_236' title='bbox 349 2801 386 2847; x_wconf 81' lang='lat'><strong>3)</strong></span> <span class='ocrx_word' id='word_1_237' title='bbox 410 2801 602 2847; x_wconf 86' lang='lat' dir='ltr'><strong>Distingui</strong></span> <span class='ocrx_word' id='word_1_238' title='bbox 637 2804 791 2847; x_wconf 80' lang='lat' dir='ltr'><strong>possunt</strong></span> <span class='ocrx_word' id='word_1_239' title='bbox 826 2800 911 2837; x_wconf 79' lang='lat' dir='ltr'><strong>illae</strong></span> <span class='ocrx_word' id='word_1_240' title='bbox 946 2800 1122 2845; x_wconf 80' lang='lat' dir='ltr'><strong>reliquiae</strong></span> <span class='ocrx_word' id='word_1_241' title='bbox 1146 2801 1231 2838; x_wconf 77' lang='lat' dir='ltr'><strong>Fal.</strong></span> <span class='ocrx_word' id='word_1_242' title='bbox 1256 2800 1327 2838; x_wconf 67' lang='lat' dir='ltr'><strong>Gla</strong></span> <span class='ocrx_word' id='word_1_243' title='bbox 1351 2829 1360 2836; x_wconf 93' lang='lat'><strong>.</strong></span> <span class='ocrx_word' id='word_1_244' title='bbox 1387 2829 1395 2836; x_wconf 91' lang='lat'><strong><em>.</em></strong></span> <span class='ocrx_word' id='word_1_245' title='bbox 1423 2829 1431 2836; x_wconf 92' lang='lat'>.</span> <span class='ocrx_word' id='word_1_246' title='bbox 1460 2800 1516 2836; x_wconf 78' lang='lat' dir='ltr'><strong>ita</strong></span> <span class='ocrx_word' id='word_1_247' title='bbox 1539 2804 1583 2836; x_wconf 88' lang='lat' dir='ltr'><strong>ut</strong></span> <span class='ocrx_word' id='word_1_248' title='bbox 1607 2800 1652 2835; x_wconf 90' lang='lat' dir='ltr'><strong>de</strong></span> <span class='ocrx_word' id='word_1_249' title='bbox 1676 2800 1775 2835; x_wconf 88' lang='lat' dir='ltr'><strong>tribu</strong></span> 
     </span>
     <span class='ocr_line' id='line_1_35' title="bbox 207 2859 738 2908; baseline 0 -11"><span class='ocrx_word' id='word_1_250' title='bbox 207 2860 392 2908; x_wconf 80' lang='lat' dir='ltr'><strong>Fal(erna)</strong></span> <span class='ocrx_word' id='word_1_251' title='bbox 418 2859 654 2907; x_wconf 72' lang='lat' dir='ltr'><strong>cogitandum</strong></span> <span class='ocrx_word' id='word_1_252' title='bbox 677 2859 738 2897; x_wconf 72' lang='lat' dir='ltr'><strong>nit.</strong></span> 
     </span>
    </p>

    <p class='ocr_par' dir='ltr' id='par_1_14' title="bbox 349 2919 755 2966">
     <span class='ocr_line' id='line_1_36' title="bbox 349 2919 755 2966; baseline 0.002 -11"><span class='ocrx_word' id='word_1_253' title='bbox 349 2920 388 2966; x_wconf 82' lang='lat'><strong>4)</strong></span> <span class='ocrx_word' id='word_1_254' title='bbox 412 2919 535 2956; x_wconf 83' lang='lat' dir='ltr'><strong>Herm.</strong></span> <span class='ocrx_word' id='word_1_255' title='bbox 561 2919 650 2957; x_wconf 86' lang='lat' dir='ltr'><strong>XVI</strong></span> <span class='ocrx_word' id='word_1_256' title='bbox 674 2919 755 2956; x_wconf 78' lang='lat'><strong>582.</strong></span> 
     </span>
    </p>
   </div>
   <div class='ocr_carea' id='block_1_8' title="bbox 0 0 130 3242">
    <p class='ocr_par' dir='ltr' id='par_1_15' title="bbox 0 0 130 3242">
     <span class='ocr_line' id='line_1_37' title="bbox 0 0 130 3242; baseline 0 0"><span class='ocrx_word' id='word_1_257' title='bbox 0 0 130 3242; x_wconf 95' lang='lat' dir='ltr'><strong> </strong></span> 
     </span>
    </p>
   </div>
  </div>
 </body>
</html>
