<?xml version="1.0" encoding="UTF-8"?>
<!DOCTYPE html PUBLIC "-//W3C//DTD XHTML 1.0 Transitional//EN"
    "http://www.w3.org/TR/xhtml1/DTD/xhtml1-transitional.dtd">
<html xmlns="http://www.w3.org/1999/xhtml" xml:lang="en" lang="en">
 <head>
  <title>
</title>
<meta http-equiv="Content-Type" content="text/html;charset=utf-8" />
  <meta name='ocr-system' content='tesseract 3.04.00' />
  <meta name='ocr-capabilities' content='ocr_page ocr_carea ocr_par ocr_line ocrx_word'/>
</head>
<body>
  <div class='ocr_page' id='page_1' title='image "./fastiaediliciiin00heil_0066.png"; bbox 0 0 2046 3242; ppageno 0'>
   <div class='ocr_carea' id='block_1_1' title="bbox 943 244 1239 285">
    <p class='ocr_par' dir='ltr' id='par_1_1' title="bbox 943 244 1239 285">
     <span class='ocr_line' id='line_1_1' title="bbox 943 244 1239 285; baseline -0.007 -10"><span class='ocrx_word' id='word_1_1' title='bbox 943 244 1239 285; x_wconf 77' lang='lat'>—58-</span> 
     </span>
    </p>
   </div>
   <div class='ocr_carea' id='block_1_2' title="bbox 563 367 1960 419">
    <p class='ocr_par' dir='ltr' id='par_1_2' title="bbox 563 367 1960 419">
     <span class='ocr_line' id='line_1_2' title="bbox 563 367 1960 419; baseline -0.011 0"><span class='ocrx_word' id='word_1_2' title='bbox 563 375 757 419; x_wconf 77' lang='lat' dir='ltr'>Aedilis</span> <span class='ocrx_word' id='word_1_3' title='bbox 790 375 840 417; x_wconf 87' lang='lat' dir='ltr'><strong><em>in</em></strong></span> <span class='ocrx_word' id='word_1_4' title='bbox 871 374 1027 417; x_wconf 73' lang='lat' dir='ltr'><strong>horas</strong></span> <span class='ocrx_word' id='word_1_5' title='bbox 1060 371 1333 416; x_wconf 75' lang='lat' dir='ltr'><strong>nonnulla·</strong></span> <span class='ocrx_word' id='word_1_6' title='bbox 1366 370 1621 413; x_wconf 66' lang='lat' dir='ltr'><strong><em>suffectus.</em></strong></span> <span class='ocrx_word' id='word_1_7' title='bbox 1880 367 1960 404; x_wconf 68' lang='grc' dir='ltr'><strong><em>ι71</em></strong></span> 
     </span>
    </p>
   </div>
   <div class='ocr_carea' id='block_1_3' title="bbox 305 448 1884 658">
    <p class='ocr_par' dir='ltr' id='par_1_3' title="bbox 305 448 1884 658">
     <span class='ocr_line' id='line_1_3' title="bbox 447 448 1883 513; baseline -0.008 -10"><span class='ocrx_word' id='word_1_8' title='bbox 447 460 530 503; x_wconf 87' lang='lat' dir='ltr'><strong><em>Dio</em></strong></span> <span class='ocrx_word' id='word_1_9' title='bbox 564 459 718 502; x_wconf 88' lang='lat' dir='ltr'>XLIII</span> <span class='ocrx_word' id='word_1_10' title='bbox 751 459 819 513; x_wconf 86' lang='lat'><strong><em>32,</em></strong></span> <span class='ocrx_word' id='word_1_11' title='bbox 852 458 901 500; x_wconf 82' lang='lat'><strong><em>3:</em></strong></span> <span class='ocrx_word' id='word_1_12' title='bbox 949 491 957 500; x_wconf 90' lang='lat'><strong>.</strong></span> <span class='ocrx_word' id='word_1_13' title='bbox 990 490 999 500; x_wconf 87' lang='lat'><strong>.</strong></span> <span class='ocrx_word' id='word_1_14' title='bbox 1033 490 1041 499; x_wconf 95' lang='lat'><strong>.</strong></span> <span class='ocrx_word' id='word_1_15' title='bbox 1074 455 1145 497; x_wconf 77' lang='grc' dir='ltr'><strong><em>καὶ</em></strong></span> <span class='ocrx_word' id='word_1_16' title='bbox 1194 452 1243 496; x_wconf 75' lang='grc' dir='ltr'><strong><em>ἐν</em></strong></span> <span class='ocrx_word' id='word_1_17' title='bbox 1289 456 1342 511; x_wconf 79' lang='grc' dir='ltr'><strong><em>τῇ</em></strong></span> <span class='ocrx_word' id='word_1_18' title='bbox 1381 453 1613 508; x_wconf 76' lang='grc' dir='ltr'><strong><em>τελευταίᾳ</em></strong></span> <span class='ocrx_word' id='word_1_19' title='bbox 1652 453 1729 494; x_wconf 81' lang='grc' dir='ltr'><strong><em>τοῦ</em></strong></span> <span class='ocrx_word' id='word_1_20' title='bbox 1761 448 1883 499; x_wconf 75' lang='grc' dir='ltr'><strong><em>ἔτους</em></strong></span> 
     </span>
     <span class='ocr_line' id='line_1_4' title="bbox 305 518 1884 589; baseline -0.006 -15"><span class='ocrx_word' id='word_1_21' title='bbox 305 528 444 589; x_wconf 80' lang='grc' dir='ltr'><strong><em>ἡμέρᾳ</em></strong></span> <span class='ocrx_word' id='word_1_22' title='bbox 490 525 767 586; x_wconf 83' lang='grc' dir='ltr'><strong><em>α’γορανόμου</em></strong></span> <span class='ocrx_word' id='word_1_23' title='bbox 814 525 930 576; x_wconf 87' lang='grc' dir='ltr'><strong><em>τινὸς</em></strong></span> <span class='ocrx_word' id='word_1_24' title='bbox 977 522 1286 573; x_wconf 71' lang='grc' dir='ltr'><strong><em>ἀποθανόντος</em></strong></span> <span class='ocrx_word' id='word_1_25' title='bbox 1333 521 1487 581; x_wconf 74' lang='grc' dir='ltr'><strong><em>ἕτερον</em></strong></span> <span class='ocrx_word' id='word_1_26' title='bbox 1526 521 1568 571; x_wconf 78' lang='grc' dir='ltr'><strong><em>ἐς</em></strong></span> <span class='ocrx_word' id='word_1_27' title='bbox 1607 520 1684 571; x_wconf 84' lang='grc' dir='ltr'><strong><em>τὰς</em></strong></span> <span class='ocrx_word' id='word_1_28' title='bbox 1722 518 1884 571; x_wconf 78' lang='grc' dir='ltr'><strong><em>λοιπὰς</em></strong></span> 
     </span>
     <span class='ocr_line' id='line_1_5' title="bbox 306 598 724 658; baseline -0.007 -13"><span class='ocrx_word' id='word_1_29' title='bbox 306 598 416 658; x_wconf 81' lang='grc' dir='ltr'><strong><em>ὥρας</em></strong></span> <span class='ocrx_word' id='word_1_30' title='bbox 447 599 724 644; x_wconf 68' lang='grc' dir='ltr'><strong><em>ἅνθείλοντο.</em></strong></span> 
     </span>
    </p>
   </div>
   <div class='ocr_carea' id='block_1_4' title="bbox 1964 0 2046 643">
    <p class='ocr_par' dir='ltr' id='par_1_4' title="bbox 1964 0 2046 643">
     <span class='ocr_line' id='line_1_6' title="bbox 1964 0 2046 643; baseline 0 2599"><span class='ocrx_word' id='word_1_31' title='bbox 1964 0 2046 643; x_wconf 95' lang='lat' dir='ltr'><strong><em> </em></strong></span> 
     </span>
    </p>
   </div>
   <div class='ocr_carea' id='block_1_5' title="bbox 236 634 2046 881">
    <p class='ocr_par' dir='ltr' id='par_1_5' title="bbox 236 634 2046 881">
     <span class='ocr_line' id='line_1_7' title="bbox 236 634 2046 726; baseline -0.008 -6"><span class='ocrx_word' id='word_1_32' title='bbox 236 680 303 721; x_wconf 87' lang='grc'><strong><em>96.</em></strong></span> <span class='ocrx_word' id='word_1_33' title='bbox 941 669 1007 712; x_wconf 88' lang='lat' dir='ltr'><strong><em>M.</em></strong></span> <span class='ocrx_word' id='word_1_34' title='bbox 1041 667 1254 726; x_wconf 81' lang='lat' dir='ltr'><strong><em>Oppius.</em></strong></span> <span class='ocrx_word' id='word_1_35' title='bbox 1545 702 1549 706; x_wconf 92' lang='lat'><strong>.</strong></span> <span class='ocrx_word' id='word_1_36' title='bbox 1883 634 2046 705; x_wconf 47' lang='lat' dir='ltr'><strong><em>mvndi</em></strong></span> 
     </span>
     <span class='ocr_line' id='line_1_8' title="bbox 450 745 1882 827; baseline -0.007 -27"><span class='ocrx_word' id='word_1_37' title='bbox 450 758 559 827; x_wconf 87' lang='lat' dir='ltr'><strong>App.</strong></span> <span class='ocrx_word' id='word_1_38' title='bbox 591 756 630 798; x_wconf 90' lang='lat' dir='ltr'><strong><em>b.</em></strong></span> <span class='ocrx_word' id='word_1_39' title='bbox 664 768 698 798; x_wconf 83' lang='lat' dir='ltr'><strong><em>e.</em></strong></span> <span class='ocrx_word' id='word_1_40' title='bbox 730 755 794 797; x_wconf 84' lang='lat' dir='ltr'>IV</span> <span class='ocrx_word' id='word_1_41' title='bbox 826 755 901 797; x_wconf 88' lang='lat'><strong><em>41:</em></strong></span> <span class='ocrx_word' id='word_1_42' title='bbox 943 750 1143 795; x_wconf 86' lang='grc' dir='ltr'><strong><em>Ὄππιον</em></strong></span> <span class='ocrx_word' id='word_1_43' title='bbox 1185 751 1230 794; x_wconf 79' lang='grc' dir='ltr'><strong><em>δὲ</em></strong></span> <span class='ocrx_word' id='word_1_44' title='bbox 1271 747 1294 792; x_wconf 83' lang='grc' dir='ltr'><em>ὃ</em></span> <span class='ocrx_word' id='word_1_45' title='bbox 1337 746 1427 798; x_wconf 73' lang='grc' dir='ltr'><strong><em>ὖιός</em></strong></span> <span class='ocrx_word' id='word_1_46' title='bbox 1468 783 1476 792; x_wconf 94' lang='grc'><strong>.</strong></span> <span class='ocrx_word' id='word_1_47' title='bbox 1557 746 1759 805; x_wconf 73' lang='grc' dir='ltr'><strong><em>,ἔφερεν</em></strong></span> <span class='ocrx_word' id='word_1_48' title='bbox 1805 745 1882 790; x_wconf 70' lang='grc' dir='ltr'><strong><em>ἐπὶ</em></strong></span> 
     </span>
     <span class='ocr_line' id='line_1_9' title="bbox 307 813 1886 881; baseline -0.006 -10"><span class='ocrx_word' id='word_1_49' title='bbox 307 831 385 871; x_wconf 87' lang='grc' dir='ltr'><strong><em>τοῦ</em></strong></span> <span class='ocrx_word' id='word_1_50' title='bbox 421 824 618 881; x_wconf 80' lang='grc' dir='ltr'><strong><em>σώματος</em></strong></span> <span class='ocrx_word' id='word_1_51' title='bbox 652 860 662 870; x_wconf 92' lang='grc'><strong>.</strong></span> <span class='ocrx_word' id='word_1_52' title='bbox 696 860 705 870; x_wconf 93' lang='grc'><strong>.</strong></span> <span class='ocrx_word' id='word_1_53' title='bbox 741 859 749 868; x_wconf 92' lang='grc'><strong>.</strong></span> <span class='ocrx_word' id='word_1_54' title='bbox 785 826 858 867; x_wconf 85' lang='grc' dir='ltr'><strong><em>καὶ</em></strong></span> <span class='ocrx_word' id='word_1_55' title='bbox 904 820 983 867; x_wconf 78' lang='grc' dir='ltr'><strong><em>τὸν</em></strong></span> <span class='ocrx_word' id='word_1_56' title='bbox 1030 824 1210 866; x_wconf 80' lang='grc' dir='ltr'><strong><em>νεανίαν</em></strong></span> <span class='ocrx_word' id='word_1_57' title='bbox 1257 817 1280 864; x_wconf 82' lang='grc' dir='ltr'>ὁ</span> <span class='ocrx_word' id='word_1_58' title='bbox 1314 823 1446 879; x_wconf 82' lang='grc' dir='ltr'><strong><em>δῆμος</em></strong></span> <span class='ocrx_word' id='word_1_59' title='bbox 1477 818 1672 863; x_wconf 75' lang='grc' dir='ltr'><strong><em>ἐπαινῶν</em></strong></span> <span class='ocrx_word' id='word_1_60' title='bbox 1702 813 1886 875; x_wconf 76' lang='grc' dir='ltr'><strong><em>υστερον</em></strong></span> 
     </span>
    </p>
   </div>
   <div class='ocr_carea' id='block_1_6' title="bbox 242 894 1965 1383">
    <p class='ocr_par' dir='ltr' id='par_1_6' title="bbox 242 894 1965 1383">
     <span class='ocr_line' id='line_1_10' title="bbox 308 894 866 956; baseline -0.009 -14"><span class='ocrx_word' id='word_1_61' title='bbox 308 895 539 956; x_wconf 83' lang='grc' dir='ltr'><strong><em>α’πέφηνεν</em></strong></span> <span class='ocrx_word' id='word_1_62' title='bbox 571 894 866 952; x_wconf 83' lang='grc' dir='ltr'><strong><em>αγορανόμον</em></strong></span> 
     </span>
     <span class='ocr_line' id='line_1_11' title="bbox 451 959 1885 1022; baseline -0.008 -8"><span class='ocrx_word' id='word_1_63' title='bbox 451 971 535 1014; x_wconf 89' lang='lat' dir='ltr'><strong><em>Dio</em></strong></span> <span class='ocrx_word' id='word_1_64' title='bbox 567 969 764 1013; x_wconf 87' lang='lat' dir='ltr'>XLVIII</span> <span class='ocrx_word' id='word_1_65' title='bbox 803 969 871 1022; x_wconf 88' lang='grc'><strong><em>53,</em></strong></span> <span class='ocrx_word' id='word_1_66' title='bbox 904 969 948 1011; x_wconf 83' lang='grc'><strong><em>4;</em></strong></span> <span class='ocrx_word' id='word_1_67' title='bbox 996 965 1329 1019; x_wconf 80' lang='grc' dir='ltr'><strong><em>Βουλευομένου</em></strong></span> <span class='ocrx_word' id='word_1_68' title='bbox 1377 964 1423 1007; x_wconf 75' lang='grc' dir='ltr'><strong><em>δὲ</em></strong></span> <span class='ocrx_word' id='word_1_69' title='bbox 1463 978 1545 1006; x_wconf 77' lang='grc' dir='ltr'><strong><em>ουν</em></strong></span> <span class='ocrx_word' id='word_1_70' title='bbox 1587 964 1660 1005; x_wconf 75' lang='grc' dir='ltr'><strong><em>καὶ</em></strong></span> <span class='ocrx_word' id='word_1_71' title='bbox 1694 959 1885 1018; x_wconf 75' lang='grc' dir='ltr'><strong><em>Μάρκου</em></strong></span> 
     </span>
     <span class='ocr_line' id='line_1_12' title="bbox 308 1031 1886 1095; baseline -0.006 -10"><span class='ocrx_word' id='word_1_72' title='bbox 308 1039 426 1090; x_wconf 84' lang='grc' dir='ltr'><strong><em>τινὸς</em></strong></span> <span class='ocrx_word' id='word_1_73' title='bbox 459 1037 652 1083; x_wconf 85' lang='grc' dir='ltr'><strong><em>Ὀππίου</em></strong></span> <span class='ocrx_word' id='word_1_74' title='bbox 690 1036 981 1095; x_wconf 81' lang='grc' dir='ltr'><strong><em>αγορανομίας</em></strong></span> <span class='ocrx_word' id='word_1_75' title='bbox 1015 1032 1090 1080; x_wconf 77' lang='grc' dir='ltr'><strong><em>ὑπ’</em></strong></span> <span class='ocrx_word' id='word_1_76' title='bbox 1125 1032 1316 1092; x_wconf 73' lang='grc' dir='ltr'><strong><em>ἀπορίας</em></strong></span> <span class='ocrx_word' id='word_1_77' title='bbox 1348 1035 1414 1090; x_wconf 74' lang='grc' dir='ltr'><strong><em>(ἐκ</em></strong></span> <span class='ocrx_word' id='word_1_78' title='bbox 1448 1033 1529 1091; x_wconf 81' lang='grc' dir='ltr'><strong><em>γὰρ</em></strong></span> <span class='ocrx_word' id='word_1_79' title='bbox 1558 1037 1645 1077; x_wconf 83' lang='grc' dir='ltr'><strong><em>τῶν</em></strong></span> <span class='ocrx_word' id='word_1_80' title='bbox 1676 1031 1886 1090; x_wconf 72' lang='grc' dir='ltr'><strong><em>ἐπικεκη-</em></strong></span> 
     </span>
     <span class='ocr_line' id='line_1_13' title="bbox 311 1098 1888 1170; baseline -0.006 -14"><span class='ocrx_word' id='word_1_81' title='bbox 311 1117 533 1170; x_wconf 83' lang='grc' dir='ltr'><strong><em>ρυγμένων</em></strong></span> <span class='ocrx_word' id='word_1_82' title='bbox 565 1113 638 1154; x_wconf 84' lang='grc' dir='ltr'><strong><em>καὶ</em></strong></span> <span class='ocrx_word' id='word_1_83' title='bbox 670 1108 799 1158; x_wconf 80' lang='grc' dir='ltr'><strong><em>αὐτὸς</em></strong></span> <span class='ocrx_word' id='word_1_84' title='bbox 831 1111 905 1152; x_wconf 83' lang='grc' dir='ltr'><strong><em>καὶ</em></strong></span> <span class='ocrx_word' id='word_1_85' title='bbox 928 1105 951 1152; x_wconf 80' lang='grc' dir='ltr'><strong><em>ὁ</em></strong></span> <span class='ocrx_word' id='word_1_86' title='bbox 973 1107 1123 1165; x_wconf 83' lang='grc' dir='ltr'><strong><em>πατὴρ</em></strong></span> <span class='ocrx_word' id='word_1_87' title='bbox 1143 1103 1280 1151; x_wconf 85' lang='grc' dir='ltr'><strong><em>αυτοῦ</em></strong></span> <span class='ocrx_word' id='word_1_88' title='bbox 1301 1098 1371 1165; x_wconf 82' lang='grc' dir='ltr'><strong><em>ἦν)</em></strong></span> <span class='ocrx_word' id='word_1_89' title='bbox 1404 1105 1605 1164; x_wconf 78' lang='grc' dir='ltr'><strong><em>ἐκστῆναι</em></strong></span> <span class='ocrx_word' id='word_1_90' title='bbox 1635 1102 1685 1148; x_wconf 82' lang='grc' dir='ltr'><strong><em>τὸ</em></strong></span> <span class='ocrx_word' id='word_1_91' title='bbox 1713 1105 1888 1161; x_wconf 67' lang='grc' dir='ltr'><strong><em>πλῆθος</em></strong></span> 
     </span>
     <span class='ocr_line' id='line_1_14' title="bbox 312 1170 1890 1240; baseline -0.006 -13"><span class='ocrx_word' id='word_1_92' title='bbox 312 1182 390 1227; x_wconf 78' lang='grc' dir='ltr'><strong><em>οὐκ</em></strong></span> <span class='ocrx_word' id='word_1_93' title='bbox 435 1182 687 1240; x_wconf 82' lang='grc' dir='ltr'><strong><em>ἐπέτρεψεν</em></strong></span> <span class='ocrx_word' id='word_1_94' title='bbox 728 1179 820 1225; x_wconf 75' lang='grc' dir='ltr'><strong><em>ἀλλ’</em></strong></span> <span class='ocrx_word' id='word_1_95' title='bbox 857 1217 866 1226; x_wconf 93' lang='grc'><strong>.</strong></span> <span class='ocrx_word' id='word_1_96' title='bbox 902 1215 910 1224; x_wconf 93' lang='grc'><strong><em>.</em></strong></span> <span class='ocrx_word' id='word_1_97' title='bbox 946 1215 956 1224; x_wconf 93' lang='grc'><strong>.</strong></span> <span class='ocrx_word' id='word_1_98' title='bbox 990 1179 1032 1228; x_wconf 82' lang='grc' dir='ltr'><strong><em>ἐς</em></strong></span> <span class='ocrx_word' id='word_1_99' title='bbox 1070 1177 1120 1223; x_wconf 83' lang='grc' dir='ltr'><strong><em>τὸ</em></strong></span> <span class='ocrx_word' id='word_1_100' title='bbox 1162 1182 1235 1237; x_wconf 81' lang='grc' dir='ltr'><strong><em>τῆς</em></strong></span> <span class='ocrx_word' id='word_1_101' title='bbox 1273 1174 1404 1235; x_wconf 83' lang='grc' dir='ltr'><strong><em>α’ρχῆς</em></strong></span> <span class='ocrx_word' id='word_1_102' title='bbox 1434 1174 1646 1231; x_wconf 75' lang='grc' dir='ltr'><strong><em>ἀνάλωμα</em></strong></span> <span class='ocrx_word' id='word_1_103' title='bbox 1678 1170 1890 1232; x_wconf 72' lang='grc' dir='ltr'><strong><em>ἀργύριον</em></strong></span> 
     </span>
     <span class='ocr_line' id='line_1_15' title="bbox 248 1251 745 1313; baseline -0.008 -14"><span class='ocrx_word' id='word_1_104' title='bbox 248 1254 251 1258; x_wconf 77' lang='grc'>’</span> <span class='ocrx_word' id='word_1_105' title='bbox 312 1251 428 1313; x_wconf 76' lang='grc' dir='ltr'><strong><em>αὐτῷ</em></strong></span> <span class='ocrx_word' id='word_1_106' title='bbox 457 1251 745 1310; x_wconf 81' lang='grc' dir='ltr'><strong><em>συνεςήνεγκε.</em></strong></span> 
     </span>
     <span class='ocr_line' id='line_1_16' title="bbox 242 1327 1965 1383; baseline -0.006 0"><span class='ocrx_word' id='word_1_107' title='bbox 242 1342 310 1383; x_wconf 86' lang='grc'><strong><em>97.</em></strong></span> <span class='ocrx_word' id='word_1_108' title='bbox 844 1336 903 1383; x_wconf 88' lang='grc' dir='ltr'><strong><em>Τ.</em></strong></span> <span class='ocrx_word' id='word_1_109' title='bbox 938 1334 1146 1378; x_wconf 81' lang='lat' dir='ltr'><strong>Helvius</strong></span> <span class='ocrx_word' id='word_1_110' title='bbox 1179 1334 1363 1377; x_wconf 84' lang='lat' dir='ltr'><strong>Basila.</strong></span> <span class='ocrx_word' id='word_1_111' title='bbox 1931 1327 1965 1363; x_wconf 77' lang='grc' dir='ltr'><strong>Δ</strong></span> 
     </span>
    </p>
   </div>
   <div class='ocr_carea' id='block_1_7' title="bbox 267 1375 1946 1549">
    <p class='ocr_par' dir='ltr' id='par_1_7' title="bbox 267 1375 1946 1549">
     <span class='ocr_line' id='line_1_17' title="bbox 456 1375 1946 1466; baseline -0.005 -1"><span class='ocrx_word' id='word_1_112' title='bbox 456 1422 699 1466; x_wconf 83' lang='lat' dir='ltr'><strong>Secundum</strong></span> <span class='ocrx_word' id='word_1_113' title='bbox 729 1420 885 1464; x_wconf 87' lang='lat' dir='ltr'><strong>titulos</strong></span> <span class='ocrx_word' id='word_1_114' title='bbox 916 1419 1124 1463; x_wconf 88' lang='lat' dir='ltr'><strong>Atinates</strong></span> <span class='ocrx_word' id='word_1_115' title='bbox 1156 1418 1252 1461; x_wconf 91' lang='lat' dir='ltr'>CIL</span> <span class='ocrx_word' id='word_1_116' title='bbox 1274 1418 1317 1461; x_wconf 92' lang='lat' dir='ltr'>X</span> <span class='ocrx_word' id='word_1_117' title='bbox 1340 1419 1468 1461; x_wconf 89' lang='grc'><strong>5056.</strong></span> <span class='ocrx_word' id='word_1_118' title='bbox 1501 1417 1616 1459; x_wconf 88' lang='grc'><strong>5057</strong></span> <span class='ocrx_word' id='word_1_119' title='bbox 1650 1416 1736 1459; x_wconf 81' lang='lat' dir='ltr'><strong>fuit</strong></span> <span class='ocrx_word' id='word_1_120' title='bbox 1769 1414 1887 1459; x_wconf 81' lang='lat' dir='ltr'><strong>aedi·</strong></span> <span class='ocrx_word' id='word_1_121' title='bbox 1912 1375 1946 1411; x_wconf 67' lang='grc' dir='ltr'><strong>Δ</strong></span> 
     </span>
     <span class='ocr_line' id='line_1_18' title="bbox 267 1488 1593 1549; baseline -0.005 -11"><span class='ocrx_word' id='word_1_122' title='bbox 267 1541 269 1544; x_wconf 21' lang='lat'><strong>⁴</strong></span> <span class='ocrx_word' id='word_1_123' title='bbox 312 1495 378 1549; x_wconf 90' lang='lat' dir='ltr'><strong><em>lis,</em></strong></span> <span class='ocrx_word' id='word_1_124' title='bbox 409 1498 599 1548; x_wconf 86' lang='lat' dir='ltr'><strong><em>praetor,</em></strong></span> <span class='ocrx_word' id='word_1_125' title='bbox 630 1491 873 1547; x_wconf 84' lang='lat' dir='ltr'><strong>proconsul,</strong></span> <span class='ocrx_word' id='word_1_126' title='bbox 904 1491 1079 1546; x_wconf 86' lang='lat' dir='ltr'><strong>legatus</strong></span> <span class='ocrx_word' id='word_1_127' title='bbox 1111 1489 1312 1533; x_wconf 77' lang='lat' dir='ltr'><strong>Caesaris</strong></span> <span class='ocrx_word' id='word_1_128' title='bbox 1344 1488 1547 1542; x_wconf 85' lang='lat' dir='ltr'><strong>Augusti.</strong></span> <span class='ocrx_word' id='word_1_129' title='bbox 1560 1488 1593 1542; x_wconf 83' lang='lat'><strong><em>¹)</em></strong></span> 
     </span>
    </p>
   </div>
   <div class='ocr_carea' id='block_1_8' title="bbox 1947 847 2046 2219">
    <p class='ocr_par' dir='ltr' id='par_1_8' title="bbox 1947 847 2046 2219">
     <span class='ocr_line' id='line_1_19' title="bbox 1965 847 2046 1381; baseline 0 -72"><span class='ocrx_word' id='word_1_130' title='bbox 1965 847 2046 1381; x_wconf 95' lang='lat' dir='ltr'><strong><em>  </em></strong></span> 
     </span>
     <span class='ocr_line' id='line_1_20' title="bbox 1947 1381 2046 2219; baseline 0 0"><span class='ocrx_word' id='word_1_131' title='bbox 1947 1381 2046 2219; x_wconf 95' lang='lat' dir='ltr'><strong><em>   </em></strong></span> 
     </span>
    </p>
   </div>
   <div class='ocr_carea' id='block_1_9' title="bbox 243 1613 2028 1676">
    <p class='ocr_par' dir='ltr' id='par_1_9' title="bbox 243 1613 2028 1676">
     <span class='ocr_line' id='line_1_21' title="bbox 243 1613 2028 1676; baseline -0.008 -8"><span class='ocrx_word' id='word_1_132' title='bbox 243 1627 311 1668; x_wconf 90' lang='grc'><strong><em>98.</em></strong></span> <span class='ocrx_word' id='word_1_133' title='bbox 832 1621 898 1664; x_wconf 90' lang='grc' dir='ltr'><strong><em>Μ.</em></strong></span> <span class='ocrx_word' id='word_1_134' title='bbox 932 1620 1168 1676; x_wconf 73' lang='lat' dir='ltr'><strong>Egnatius</strong></span> <span class='ocrx_word' id='word_1_135' title='bbox 1202 1617 1374 1662; x_wconf 79' lang='lat' dir='ltr'><strong><em>Rufus.</em></strong></span> <span class='ocrx_word' id='word_1_136' title='bbox 1890 1613 1948 1649; x_wconf 56' lang='lat'><strong><em>2⁷</em></strong></span> <span class='ocrx_word' id='word_1_137' title='bbox 2027 1650 2028 1654; x_wconf 74' lang='grc'>,</span> 
     </span>
    </p>
   </div>
   <div class='ocr_carea' id='block_1_10' title="bbox 315 1698 2046 2757">
    <p class='ocr_par' dir='ltr' id='par_1_10' title="bbox 315 1698 1895 1906">
     <span class='ocr_line' id='line_1_22' title="bbox 455 1698 1893 1760; baseline -0.005 -10"><span class='ocrx_word' id='word_1_138' title='bbox 455 1707 540 1750; x_wconf 91' lang='lat' dir='ltr'><strong><em>Dio</em></strong></span> <span class='ocrx_word' id='word_1_139' title='bbox 563 1707 673 1749; x_wconf 91' lang='lat' dir='ltr'>LIII</span> <span class='ocrx_word' id='word_1_140' title='bbox 706 1707 774 1760; x_wconf 88' lang='lat'><strong><em>24,</em></strong></span> <span class='ocrx_word' id='word_1_141' title='bbox 807 1707 851 1748; x_wconf 89' lang='lat'><strong><em>4:</em></strong></span> <span class='ocrx_word' id='word_1_142' title='bbox 886 1739 896 1749; x_wconf 95' lang='lat'><strong>.</strong></span> <span class='ocrx_word' id='word_1_143' title='bbox 930 1738 940 1748; x_wconf 93' lang='lat'><strong>.</strong></span> <span class='ocrx_word' id='word_1_144' title='bbox 975 1738 985 1749; x_wconf 94' lang='lat'><strong>.</strong></span> <span class='ocrx_word' id='word_1_145' title='bbox 1018 1698 1126 1746; x_wconf 82' lang='grc' dir='ltr'><strong><em>ὥστε</em></strong></span> <span class='ocrx_word' id='word_1_146' title='bbox 1157 1704 1233 1745; x_wconf 79' lang='grc' dir='ltr'><strong><em>καὶ</em></strong></span> <span class='ocrx_word' id='word_1_147' title='bbox 1263 1700 1364 1746; x_wconf 84' lang='grc' dir='ltr'><strong><em>τότε</em></strong></span> <span class='ocrx_word' id='word_1_148' title='bbox 1396 1702 1670 1757; x_wconf 87' lang='lat'>(728=26)</span> <span class='ocrx_word' id='word_1_149' title='bbox 1704 1702 1893 1756; x_wconf 71' lang='grc' dir='ltr'><strong><em>Μᾶρκος</em></strong></span> 
     </span>
     <span class='ocr_line' id='line_1_23' title="bbox 315 1770 1894 1832; baseline -0.004 -12"><span class='ocrx_word' id='word_1_150' title='bbox 315 1774 532 1832; x_wconf 77' lang='grc' dir='ltr'><strong><em>Ἐγνάτιος</em></strong></span> <span class='ocrx_word' id='word_1_151' title='bbox 562 1773 742 1831; x_wconf 76' lang='grc' dir='ltr'><strong><em>Ῥοῦφος</em></strong></span> <span class='ocrx_word' id='word_1_152' title='bbox 771 1773 1101 1832; x_wconf 78' lang='grc' dir='ltr'><strong><em>ἄγορανομήσας</em></strong></span> <span class='ocrx_word' id='word_1_153' title='bbox 1134 1808 1143 1818; x_wconf 96' lang='grc'><strong>.</strong></span> <span class='ocrx_word' id='word_1_154' title='bbox 1179 1808 1187 1818; x_wconf 95' lang='grc'><strong><em>.</em></strong></span> <span class='ocrx_word' id='word_1_155' title='bbox 1224 1809 1233 1819; x_wconf 90' lang='grc'><strong>.</strong></span> <span class='ocrx_word' id='word_1_156' title='bbox 1265 1779 1360 1821; x_wconf 87' lang='grc' dir='ltr'><strong><em>ταῖς</em></strong></span> <span class='ocrx_word' id='word_1_157' title='bbox 1405 1771 1565 1821; x_wconf 79' lang='grc' dir='ltr'><strong><em>οἰκίαις</em></strong></span> <span class='ocrx_word' id='word_1_158' title='bbox 1606 1777 1701 1820; x_wconf 86' lang='grc' dir='ltr'><strong><em>ταῖς</em></strong></span> <span class='ocrx_word' id='word_1_159' title='bbox 1743 1770 1793 1814; x_wconf 77' lang='grc' dir='ltr'><strong><em>ἐν</em></strong></span> <span class='ocrx_word' id='word_1_160' title='bbox 1831 1773 1894 1828; x_wconf 69' lang='grc' dir='ltr'><strong><em>τῷ</em></strong></span> 
     </span>
     <span class='ocr_line' id='line_1_24' title="bbox 317 1840 1895 1906; baseline -0.004 -14"><span class='ocrx_word' id='word_1_161' title='bbox 317 1848 405 1892; x_wconf 83' lang='grc' dir='ltr'><strong><em>ἔτει</em></strong></span> <span class='ocrx_word' id='word_1_162' title='bbox 437 1847 587 1906; x_wconf 80' lang='grc' dir='ltr'><strong><em>ἐκείνῳ</em></strong></span> <span class='ocrx_word' id='word_1_163' title='bbox 618 1846 960 1904; x_wconf 73' lang='grc' dir='ltr'><strong><em>ἑμπρησθείσαις</em></strong></span> <span class='ocrx_word' id='word_1_164' title='bbox 990 1845 1244 1902; x_wconf 79' lang='grc' dir='ltr'><strong><em>ἐπικουρίας</em></strong></span> <span class='ocrx_word' id='word_1_165' title='bbox 1275 1842 1388 1899; x_wconf 82' lang='grc' dir='ltr'><strong><em>μετὰ</em></strong></span> <span class='ocrx_word' id='word_1_166' title='bbox 1418 1847 1505 1888; x_wconf 82' lang='grc' dir='ltr'><strong><em>τῶν</em></strong></span> <span class='ocrx_word' id='word_1_167' title='bbox 1536 1842 1697 1887; x_wconf 72' lang='grc' dir='ltr'><strong><em>ἑαυτοῦ</em></strong></span> <span class='ocrx_word' id='word_1_168' title='bbox 1725 1840 1895 1886; x_wconf 68' lang='grc' dir='ltr'><strong><em>δούλων</em></strong></span> 
     </span>
    </p>

    <p class='ocr_par' dir='ltr' id='par_1_11' title="bbox 317 1908 1895 2116">
     <span class='ocr_line' id='line_1_25' title="bbox 364 1908 1895 1977; baseline -0.005 -14"><span class='ocrx_word' id='word_1_169' title='bbox 364 1955 373 1964; x_wconf 93' lang='grc'><strong>.</strong></span> <span class='ocrx_word' id='word_1_170' title='bbox 408 1954 417 1964; x_wconf 96' lang='grc'><em>.</em></span> <span class='ocrx_word' id='word_1_171' title='bbox 452 1917 759 1977; x_wconf 77' lang='grc' dir='ltr'><strong><em>ποιησάμενος,</em></strong></span> <span class='ocrx_word' id='word_1_172' title='bbox 793 1920 868 1961; x_wconf 81' lang='grc' dir='ltr'><strong><em>καὶ</em></strong></span> <span class='ocrx_word' id='word_1_173' title='bbox 899 1916 971 1961; x_wconf 83' lang='grc' dir='ltr'><strong><em>διὰ</em></strong></span> <span class='ocrx_word' id='word_1_174' title='bbox 1003 1920 1131 1960; x_wconf 85' lang='grc' dir='ltr'><strong><em>τοῦτο</em></strong></span> <span class='ocrx_word' id='word_1_175' title='bbox 1159 1915 1216 1960; x_wconf 75' lang='grc' dir='ltr'><strong><em>τά</em></strong></span> <span class='ocrx_word' id='word_1_176' title='bbox 1234 1931 1282 1960; x_wconf 82' lang='grc' dir='ltr'><strong><em>τε</em></strong></span> <span class='ocrx_word' id='word_1_177' title='bbox 1312 1912 1580 1970; x_wconf 72' lang='grc' dir='ltr'><strong><em>ἀναλώματα</em></strong></span> <span class='ocrx_word' id='word_1_178' title='bbox 1610 1912 1664 1957; x_wconf 80' lang='grc' dir='ltr'><strong><em>τὰ</em></strong></span> <span class='ocrx_word' id='word_1_179' title='bbox 1695 1915 1750 1972; x_wconf 82' lang='grc' dir='ltr'><strong><em>τῇ</em></strong></span> <span class='ocrx_word' id='word_1_180' title='bbox 1779 1908 1895 1972; x_wconf 71' lang='grc' dir='ltr'><strong><em>α’ρχῇ</em></strong></span> 
     </span>
     <span class='ocr_line' id='line_1_26' title="bbox 319 1983 1895 2047; baseline -0.004 -14"><span class='ocrx_word' id='word_1_181' title='bbox 319 1988 454 2034; x_wconf 80' lang='grc' dir='ltr'><strong><em>αὐτοῦ</em></strong></span> <span class='ocrx_word' id='word_1_182' title='bbox 485 1988 758 2047; x_wconf 81' lang='grc' dir='ltr'><strong><em>προςήκοντα</em></strong></span> <span class='ocrx_word' id='word_1_183' title='bbox 789 1988 917 2046; x_wconf 85' lang='grc' dir='ltr'><strong><em>παρὰ</em></strong></span> <span class='ocrx_word' id='word_1_184' title='bbox 946 1991 1025 2032; x_wconf 85' lang='grc' dir='ltr'><strong><em>τοῦ</em></strong></span> <span class='ocrx_word' id='word_1_185' title='bbox 1056 1987 1198 2045; x_wconf 81' lang='grc' dir='ltr'><strong><em>δήμου</em></strong></span> <span class='ocrx_word' id='word_1_186' title='bbox 1229 1985 1375 2043; x_wconf 64' lang='grc' dir='ltr'><strong><em>λαβὼ·</em></strong></span> <span class='ocrx_word' id='word_1_187' title='bbox 1396 1988 1470 2029; x_wconf 80' lang='grc' dir='ltr'><strong><em>καὶ</em></strong></span> <span class='ocrx_word' id='word_1_188' title='bbox 1490 1983 1729 2042; x_wconf 85' lang='grc' dir='ltr'><strong><em>στρατηρὸς</em></strong></span> <span class='ocrx_word' id='word_1_189' title='bbox 1748 1998 1895 2040; x_wconf 81' lang='grc' dir='ltr'><strong><em>παρα-</em></strong></span> 
     </span>
     <span class='ocr_line' id='line_1_27' title="bbox 317 2059 908 2116; baseline 0.002 -12"><span class='ocrx_word' id='word_1_190' title='bbox 317 2061 460 2116; x_wconf 84' lang='grc' dir='ltr'><strong><em>νόμως</em></strong></span> <span class='ocrx_word' id='word_1_191' title='bbox 491 2059 772 2114; x_wconf 74' lang='grc' dir='ltr'><strong><em>ἄποδειχθεὶς</em></strong></span> <span class='ocrx_word' id='word_1_192' title='bbox 807 2095 816 2105; x_wconf 92' lang='grc'><strong>.</strong></span> <span class='ocrx_word' id='word_1_193' title='bbox 851 2095 861 2105; x_wconf 94' lang='grc'><strong>.</strong></span> <span class='ocrx_word' id='word_1_194' title='bbox 898 2095 908 2104; x_wconf 93' lang='grc'>.</span> 
     </span>
    </p>

    <p class='ocr_par' dir='ltr' id='par_1_12' title="bbox 319 2126 2046 2470">
     <span class='ocr_line' id='line_1_28' title="bbox 461 2126 1897 2186; baseline -0.003 -10"><span class='ocrx_word' id='word_1_195' title='bbox 461 2132 781 2176; x_wconf 79' lang='lat' dir='ltr'><strong><em>Vell.Pat.11</em></strong></span> <span class='ocrx_word' id='word_1_196' title='bbox 813 2134 881 2186; x_wconf 87' lang='lat'><strong><em>91,</em></strong></span> <span class='ocrx_word' id='word_1_197' title='bbox 909 2133 953 2175; x_wconf 90' lang='lat'><strong><em>3:</em></strong></span> <span class='ocrx_word' id='word_1_198' title='bbox 999 2132 1151 2185; x_wconf 84' lang='lat' dir='ltr'><strong>Neque</strong></span> <span class='ocrx_word' id='word_1_199' title='bbox 1187 2131 1324 2174; x_wconf 90' lang='lat' dir='ltr'><strong>multo</strong></span> <span class='ocrx_word' id='word_1_200' title='bbox 1355 2135 1456 2185; x_wconf 87' lang='lat' dir='ltr'><strong><em>post</em></strong></span> <span class='ocrx_word' id='word_1_201' title='bbox 1487 2129 1631 2173; x_wconf 76' lang='lat' dir='ltr'><strong>Rufus</strong></span> <span class='ocrx_word' id='word_1_202' title='bbox 1662 2126 1897 2183; x_wconf 83' lang='lat' dir='ltr'><strong>Egnatius,</strong></span> 
     </span>
     <span class='ocr_line' id='line_1_29' title="bbox 319 2197 2046 2262; baseline -0.003 -15"><span class='ocrx_word' id='word_1_203' title='bbox 319 2218 400 2259; x_wconf 85' lang='lat' dir='ltr'><strong><em>per</em></strong></span> <span class='ocrx_word' id='word_1_204' title='bbox 430 2204 573 2247; x_wconf 89' lang='lat' dir='ltr'><strong>omnia</strong></span> <span class='ocrx_word' id='word_1_205' title='bbox 603 2203 841 2258; x_wconf 82' lang='lat' dir='ltr'>gladiatori</span> <span class='ocrx_word' id='word_1_206' title='bbox 873 2216 1002 2256; x_wconf 91' lang='lat' dir='ltr'><strong>quam</strong></span> <span class='ocrx_word' id='word_1_207' title='bbox 1033 2199 1227 2246; x_wconf 84' lang='lat' dir='ltr'><strong>senatori</strong></span> <span class='ocrx_word' id='word_1_208' title='bbox 1247 2203 1436 2256; x_wconf 89' lang='lat' dir='ltr'><strong>propior,</strong></span> <span class='ocrx_word' id='word_1_209' title='bbox 1468 2201 1686 2244; x_wconf 84' lang='lat' dir='ltr'><strong>collecto</strong></span> <span class='ocrx_word' id='word_1_210' title='bbox 1674 2213 1720 2243; x_wconf 88' lang='lat'><strong><em>111</em></strong></span> <span class='ocrx_word' id='word_1_211' title='bbox 1742 2197 1895 2243; x_wconf 85' lang='lat' dir='ltr'><strong>aedili-</strong></span> <span class='ocrx_word' id='word_1_212' title='bbox 2040 2217 2046 2262; x_wconf 69' lang='lat'><em>3</em></span> 
     </span>
     <span class='ocr_line' id='line_1_30' title="bbox 319 2271 1896 2330; baseline -0.004 -11"><span class='ocrx_word' id='word_1_213' title='bbox 319 2280 416 2319; x_wconf 86' lang='lat' dir='ltr'><strong>tate</strong></span> <span class='ocrx_word' id='word_1_214' title='bbox 446 2275 601 2319; x_wconf 81' lang='lat' dir='ltr'><strong>favore</strong></span> <span class='ocrx_word' id='word_1_215' title='bbox 625 2275 786 2330; x_wconf 88' lang='lat' dir='ltr'><strong><em>populi,</em></strong></span> <span class='ocrx_word' id='word_1_216' title='bbox 819 2287 946 2328; x_wconf 85' lang='lat' dir='ltr'><strong>quem</strong></span> <span class='ocrx_word' id='word_1_217' title='bbox 977 2274 1308 2328; x_wconf 81' lang='lat' dir='ltr'><strong>exstinguendis</strong></span> <span class='ocrx_word' id='word_1_218' title='bbox 1339 2273 1518 2327; x_wconf 85' lang='lat' dir='ltr'><strong>privata</strong></span> <span class='ocrx_word' id='word_1_219' title='bbox 1548 2271 1718 2315; x_wconf 75' lang='lat' dir='ltr'><strong>familia</strong></span> <span class='ocrx_word' id='word_1_220' title='bbox 1747 2271 1896 2314; x_wconf 84' lang='lat' dir='ltr'><strong>ineen-</strong></span> 
     </span>
     <span class='ocr_line' id='line_1_31' title="bbox 321 2343 1899 2400; baseline -0.004 -10"><span class='ocrx_word' id='word_1_221' title='bbox 321 2347 405 2390; x_wconf 82' lang='lat' dir='ltr'><strong>diis</strong></span> <span class='ocrx_word' id='word_1_222' title='bbox 450 2347 496 2389; x_wconf 90' lang='lat' dir='ltr'><strong><em>in</em></strong></span> <span class='ocrx_word' id='word_1_223' title='bbox 542 2347 635 2389; x_wconf 83' lang='lat' dir='ltr'><strong>dies</strong></span> <span class='ocrx_word' id='word_1_224' title='bbox 682 2349 879 2400; x_wconf 81' lang='lat' dir='ltr'><strong>auxerat,</strong></span> <span class='ocrx_word' id='word_1_225' title='bbox 926 2346 972 2388; x_wconf 90' lang='lat' dir='ltr'><strong><em>in</em></strong></span> <span class='ocrx_word' id='word_1_226' title='bbox 1009 2349 1181 2388; x_wconf 89' lang='lat' dir='ltr'><strong>tantum</strong></span> <span class='ocrx_word' id='word_1_227' title='bbox 1227 2345 1412 2399; x_wconf 87' lang='lat' dir='ltr'><strong>quidem,</strong></span> <span class='ocrx_word' id='word_1_228' title='bbox 1457 2347 1509 2386; x_wconf 93' lang='lat' dir='ltr'><strong><em>ut</em></strong></span> <span class='ocrx_word' id='word_1_229' title='bbox 1555 2343 1596 2386; x_wconf 89' lang='lat' dir='ltr'><strong><em>ei</em></strong></span> <span class='ocrx_word' id='word_1_230' title='bbox 1641 2346 1899 2396; x_wconf 88' lang='lat' dir='ltr'><strong>praeturam</strong></span> 
     </span>
     <span class='ocr_line' id='line_1_32' title="bbox 322 2416 1795 2470; baseline -0.003 -9"><span class='ocrx_word' id='word_1_231' title='bbox 322 2418 600 2461; x_wconf 77' lang='lat' dir='ltr'><strong>continuaret</strong></span> <span class='ocrx_word' id='word_1_232' title='bbox 630 2452 639 2461; x_wconf 96' lang='lat'><strong>.</strong></span> <span class='ocrx_word' id='word_1_233' title='bbox 671 2452 680 2460; x_wconf 89' lang='lat'><strong>.</strong></span> <span class='ocrx_word' id='word_1_234' title='bbox 713 2452 721 2460; x_wconf 96' lang='lat'><strong>.</strong></span> <span class='ocrx_word' id='word_1_235' title='bbox 753 2430 853 2460; x_wconf 82' lang='lat' dir='ltr'><strong><em>mox</em></strong></span> <span class='ocrx_word' id='word_1_236' title='bbox 885 2417 1019 2460; x_wconf 90' lang='lat' dir='ltr'><strong>etiam</strong></span> <span class='ocrx_word' id='word_1_237' title='bbox 1050 2416 1323 2460; x_wconf 79' lang='lat' dir='ltr'><strong>consulatum</strong></span> <span class='ocrx_word' id='word_1_238' title='bbox 1352 2420 1506 2470; x_wconf 89' lang='lat' dir='ltr'><strong>petere</strong></span> <span class='ocrx_word' id='word_1_239' title='bbox 1538 2427 1670 2458; x_wconf 89' lang='lat' dir='ltr'><strong>ausus</strong></span> <span class='ocrx_word' id='word_1_240' title='bbox 1702 2448 1711 2456; x_wconf 93' lang='lat'><strong>.</strong></span> <span class='ocrx_word' id='word_1_241' title='bbox 1743 2448 1753 2456; x_wconf 92' lang='lat'><strong>.</strong></span> <span class='ocrx_word' id='word_1_242' title='bbox 1786 2447 1795 2456; x_wconf 89' lang='lat'><strong>.</strong></span> 
     </span>
    </p>

    <p class='ocr_par' dir='ltr' id='par_1_13' title="bbox 322 2484 1902 2747">
     <span class='ocr_line' id='line_1_33' title="bbox 465 2484 1897 2544; baseline -0.003 -13"><span class='ocrx_word' id='word_1_243' title='bbox 465 2489 528 2532; x_wconf 88' lang='lat' dir='ltr'><strong><em>Id.</em></strong></span> <span class='ocrx_word' id='word_1_244' title='bbox 561 2489 608 2531; x_wconf 90' lang='lat' dir='ltr'>H</span> <span class='ocrx_word' id='word_1_245' title='bbox 640 2490 709 2543; x_wconf 88' lang='grc'><strong><em>92,</em></strong></span> <span class='ocrx_word' id='word_1_246' title='bbox 741 2490 786 2531; x_wconf 83' lang='grc'><strong><em>4;</em></strong></span> <span class='ocrx_word' id='word_1_247' title='bbox 825 2488 886 2544; x_wconf 90' lang='lat' dir='ltr'><strong><em>(C.</em></strong></span> <span class='ocrx_word' id='word_1_248' title='bbox 919 2488 1096 2532; x_wconf 88' lang='lat' dir='ltr'><strong>Sentius</strong></span> <span class='ocrx_word' id='word_1_249' title='bbox 1128 2487 1391 2531; x_wconf 85' lang='lat' dir='ltr'><strong>Saturninus</strong></span> <span class='ocrx_word' id='word_1_250' title='bbox 1423 2486 1591 2542; x_wconf 81' lang='lat' dir='ltr'><strong>consul)</strong></span> <span class='ocrx_word' id='word_1_251' title='bbox 1623 2520 1633 2528; x_wconf 90' lang='lat'><strong>.</strong></span> <span class='ocrx_word' id='word_1_252' title='bbox 1666 2520 1675 2528; x_wconf 93' lang='lat'><strong>.</strong></span> <span class='ocrx_word' id='word_1_253' title='bbox 1707 2520 1716 2528; x_wconf 93' lang='lat'><strong>.</strong></span> <span class='ocrx_word' id='word_1_254' title='bbox 1747 2484 1897 2539; x_wconf 79' lang='lat' dir='ltr'><strong>Egna-</strong></span> 
     </span>
     <span class='ocr_line' id='line_1_34' title="bbox 322 2560 1900 2623; baseline -0.004 -19"><span class='ocrx_word' id='word_1_255' title='bbox 322 2561 433 2604; x_wconf 90' lang='lat' dir='ltr'><strong>tium</strong></span> <span class='ocrx_word' id='word_1_256' title='bbox 477 2560 706 2623; x_wconf 83' lang='lat' dir='ltr'><strong>fiorentem</strong></span> <span class='ocrx_word' id='word_1_257' title='bbox 750 2560 905 2604; x_wconf 84' lang='lat' dir='ltr'><strong>favore</strong></span> <span class='ocrx_word' id='word_1_258' title='bbox 949 2560 1124 2613; x_wconf 86' lang='lat' dir='ltr'><strong>publico</strong></span> <span class='ocrx_word' id='word_1_259' title='bbox 1170 2563 1506 2613; x_wconf 84' lang='lat' dir='ltr'><strong>sperantemque</strong></span> <span class='ocrx_word' id='word_1_260' title='bbox 1551 2562 1603 2600; x_wconf 92' lang='lat' dir='ltr'><strong><em>ut</em></strong></span> <span class='ocrx_word' id='word_1_261' title='bbox 1644 2560 1900 2611; x_wconf 84' lang='lat' dir='ltr'><strong>praeturam</strong></span> 
     </span>
     <span class='ocr_line' id='line_1_35' title="bbox 325 2626 1902 2685; baseline -0.003 -11"><span class='ocrx_word' id='word_1_262' title='bbox 325 2631 555 2685; x_wconf 78' lang='lat' dir='ltr'><strong>aedilitati,</strong></span> <span class='ocrx_word' id='word_1_263' title='bbox 601 2631 668 2674; x_wconf 90' lang='lat' dir='ltr'><strong><em>ita</em></strong></span> <span class='ocrx_word' id='word_1_264' title='bbox 714 2631 986 2674; x_wconf 84' lang='lat' dir='ltr'><strong>consulatum</strong></span> <span class='ocrx_word' id='word_1_265' title='bbox 1031 2635 1268 2684; x_wconf 85' lang='lat' dir='ltr'><strong>praeturae</strong></span> <span class='ocrx_word' id='word_1_266' title='bbox 1314 2643 1362 2673; x_wconf 90' lang='lat' dir='ltr'><strong><em>se</em></strong></span> <span class='ocrx_word' id='word_1_267' title='bbox 1406 2630 1657 2672; x_wconf 80' lang='lat' dir='ltr'><strong>iunctarum</strong></span> <span class='ocrx_word' id='word_1_268' title='bbox 1700 2626 1902 2682; x_wconf 82' lang='lat' dir='ltr'><strong>profiteri</strong></span> 
     </span>
     <span class='ocr_line' id='line_1_36' title="bbox 324 2699 1899 2757; baseline -0.003 -11"><span class='ocrx_word' id='word_1_269' title='bbox 324 2703 481 2757; x_wconf 85' lang='lat' dir='ltr'><strong>vetuit,</strong></span> <span class='ocrx_word' id='word_1_270' title='bbox 514 2706 559 2745; x_wconf 87' lang='lat' dir='ltr'><strong><em>et</em></strong></span> <span class='ocrx_word' id='word_1_271' title='bbox 590 2715 687 2745; x_wconf 85' lang='lat' dir='ltr'><strong><em>cum</em></strong></span> <span class='ocrx_word' id='word_1_272' title='bbox 717 2703 763 2745; x_wconf 89' lang='lat' dir='ltr'><strong><em>id</em></strong></span> <span class='ocrx_word' id='word_1_273' title='bbox 793 2715 879 2746; x_wconf 89' lang='lat' dir='ltr'><strong><em>non</em></strong></span> <span class='ocrx_word' id='word_1_274' title='bbox 900 2703 1174 2757; x_wconf 85' lang='lat' dir='ltr'><strong>obtinuisset,</strong></span> <span class='ocrx_word' id='word_1_275' title='bbox 1204 2702 1384 2756; x_wconf 76' lang='lat' dir='ltr'><strong>iuravit,</strong></span> <span class='ocrx_word' id='word_1_276' title='bbox 1416 2700 1591 2744; x_wconf 89' lang='lat' dir='ltr'><strong>etiamsi</strong></span> <span class='ocrx_word' id='word_1_277' title='bbox 1610 2699 1757 2742; x_wconf 81' lang='lat' dir='ltr'><strong>factus</strong></span> <span class='ocrx_word' id='word_1_278' title='bbox 1779 2701 1899 2741; x_wconf 69' lang='lat' dir='ltr'><strong>oeset</strong></span> 
     </span>
    </p>
   </div>
   <div class='ocr_carea' id='block_1_11' title="bbox 326 2771 1817 2829">
    <p class='ocr_par' dir='ltr' id='par_1_14' title="bbox 326 2771 1817 2829">
     <span class='ocr_line' id='line_1_37' title="bbox 326 2771 1817 2829; baseline -0.002 -13"><span class='ocrx_word' id='word_1_279' title='bbox 326 2773 475 2816; x_wconf 80' lang='lat' dir='ltr'><strong>consul</strong></span> <span class='ocrx_word' id='word_1_280' title='bbox 505 2774 728 2829; x_wconf 81' lang='lat' dir='ltr'><strong>suffragiis</strong></span> <span class='ocrx_word' id='word_1_281' title='bbox 758 2774 919 2828; x_wconf 89' lang='lat' dir='ltr'><strong><em>populi,</em></strong></span> <span class='ocrx_word' id='word_1_282' title='bbox 950 2777 1099 2817; x_wconf 88' lang='lat' dir='ltr'><strong>tamen</strong></span> <span class='ocrx_word' id='word_1_283' title='bbox 1129 2786 1178 2817; x_wconf 88' lang='lat' dir='ltr'><strong><em>se</em></strong></span> <span class='ocrx_word' id='word_1_284' title='bbox 1209 2786 1307 2817; x_wconf 90' lang='lat' dir='ltr'><strong><em>eum</em></strong></span> <span class='ocrx_word' id='word_1_285' title='bbox 1335 2786 1423 2816; x_wconf 91' lang='lat' dir='ltr'><strong><em>non</em></strong></span> <span class='ocrx_word' id='word_1_286' title='bbox 1452 2771 1817 2816; x_wconf 83' lang='lat' dir='ltr'><strong>renuntiaturum.</strong></span> 
     </span>
    </p>
   </div>
   <div class='ocr_carea' id='block_1_12' title="bbox 326 2857 613 2864">
    <p class='ocr_par' dir='ltr' id='par_1_15' title="bbox 326 2857 613 2864">
     <span class='ocr_line' id='line_1_38' title="bbox 326 2857 613 2864; baseline 0 0"><span class='ocrx_word' id='word_1_287' title='bbox 326 2857 613 2864; x_wconf 95' lang='lat' dir='ltr'><strong><em> </em></strong></span> 
     </span>
    </p>
   </div>
   <div class='ocr_carea' id='block_1_13' title="bbox 472 2903 1446 2949">
    <p class='ocr_par' dir='ltr' id='par_1_16' title="bbox 472 2903 1446 2949">
     <span class='ocr_line' id='line_1_39' title="bbox 472 2903 1446 2949; baseline 0 -11"><span class='ocrx_word' id='word_1_288' title='bbox 472 2904 508 2949; x_wconf 92' lang='lat'><strong><em>1)</em></strong></span> <span class='ocrx_word' id='word_1_289' title='bbox 532 2903 729 2940; x_wconf 84' lang='lat' dir='ltr'><strong>Liebenam</strong></span> <span class='ocrx_word' id='word_1_290' title='bbox 753 2904 899 2940; x_wconf 80' lang='lat' dir='ltr'><strong>Forseh.</strong></span> <span class='ocrx_word' id='word_1_291' title='bbox 925 2914 960 2949; x_wconf 82' lang='lat' dir='ltr'><strong><em>p.</em></strong></span> <span class='ocrx_word' id='word_1_292' title='bbox 979 2903 1059 2939; x_wconf 89' lang='lat'><strong>398.</strong></span> <span class='ocrx_word' id='word_1_293' title='bbox 1109 2903 1267 2939; x_wconf 83' lang='lat' dir='ltr'><strong>Levisou</strong></span> <span class='ocrx_word' id='word_1_294' title='bbox 1291 2914 1347 2939; x_wconf 90' lang='grc'>111·.</span> <span class='ocrx_word' id='word_1_295' title='bbox 1366 2903 1446 2938; x_wconf 82' lang='lat'><strong>166.</strong></span> 
     </span>
    </p>
   </div>
   <div class='ocr_carea' id='block_1_14' title="bbox 2006 2459 2046 3242">
    <p class='ocr_par' dir='ltr' id='par_1_17' title="bbox 2006 2459 2046 3242">
     <span class='ocr_line' id='line_1_40' title="bbox 2006 2459 2046 3242; baseline 0 0"><span class='ocrx_word' id='word_1_296' title='bbox 2006 2459 2046 3242; x_wconf 95' lang='lat' dir='ltr'><strong><em> </em></strong></span> 
     </span>
    </p>
   </div>
  </div>
 </body>
</html>
