2046 3242
858 256 1156 300 -45—

366 387 515 443 Orelli,
525 385 559 444 ι)
606 400 733 443 quem
777 391 953 433 secutus
999 391 1068 432 est
1113 385 1406 443 Idebenam,¹)
1452 387 1566 431 hanc
1609 387 1790 442 inserip-

224 459 387 503 tionem
416 460 511 502 sine
541 459 659 504 iusta
689 471 823 503 causa
852 459 1059 504 attribuit
1088 459 1301 504 Gordiani
1331 459 1483 503 aetati.

17 555 67 626 Ψ
157 590 222 632 72.
624 589 682 644 Q.
715 589 893 634 eutius
923 589 1103 634 Atilius
1133 589 1392 647 Agricola.
1848 590 1950 626 1nter

367 673 566 718 Honores
612 674 875 718 exhibentur
919 673 966 717 in
1010 673 1155 718 titulis
1198 674 1415 719 mutilatis
1451 673 1795 718 Taurinensibus
1831 650 1872 721 ξι
1880 639 1983 721 f—eerg.

226 746 321 790 CIL
352 746 392 790 V
423 746 731 789 6974—6983.
782 745 888 789 Fuit
917 745 1037 789 sevir
1067 749 1238 789 turmae
1268 745 1463 800 equitum
1492 745 1796 799 Romanorum,

225 817 444 862 decemvir
473 815 670 861 stlitibus
700 815 957 871 iudicandis,
987 816 1190 860 tribunus
1220 816 1408 861 militum
1437 816 1623 871 legionis
1654 817 1677 861 Ι
1704 817 1795 860 Ita-

224 889 348 944 licae,
379 890 587 942 quaestor
606 887 699 931 divi
720 887 993 942 Vespasiani,
1024 888 1179 931 aedilis
1201 888 1375 942 curulis,
1405 892 1596 943 praetor,
1621 888 1796 943 legatus

225 959 472 1017 (iuridicus)
503 958 720 1003 citerioris
750 958 1004 1013 Hispaniae,
1044 958 1218 1013 legatus
1259 958 1446 1014 legionis
1476 959 1540 1003 VI
1571 959 1797 1013 Fen-atae,

225 1032 399 1087 legatus
437 1043 516 1086 pro
546 1034 751 1085 praetore
781 1030 1059 1085 imperatoris
1090 1030 1263 1077 Nervae
1293 1030 1547 1085 provinciae
1578 1030 1797 1085 Belgicae,

227 1102 387 1158 consul,
429 1101 669 1157 septemvir
698 1101 940 1157 epulonum,
970 1101 1145 1156 legatus
1175 1114 1255 1156 pro
1285 1106 1491 1157 praetore
1520 1102 1798 1157 imperatoris

226 1174 407 1219 Traiani
451 1173 704 1229 provinciae
735 1173 999 1227 Pannoniae,
1045 1173 1233 1217 donatus
1278 1174 1335 1217 ab
1375 1168 1639 1229 imperatore
1682 1173 1797 1217 bello

226 1246 389 1291 Dacico
420 1245 545 1289 donis
574 1244 851 1300 militaribus,
896 1244 1060 1288 sodalis
1090 1244 1350 1300 Augustalis
1380 1244 1632 1300 Claudialis,
1671 1258 1796 1300 prae·

227 1317 369 1362 fectus
400 1316 510 1361 urbi.

369 1390 496 1433 Anno
545 1389 629 1432 103
675 1388 835 1432 iterum
880 1388 1072 1432 obtinuit
1117 1386 1446 1444 consulatum,⁸)
1491 1388 1666 1443 legatus
1711 1388 1798 1432 fuit

226 1461 434 1516 Belgicae
478 1460 596 1504 inter
641 1471 777 1504 annos
820 1461 878 1503 96
909 1464 955 1504 et
986 1461 1062 1513 983
1107 1461 1374 1504 antecedunt
1419 1460 1465 1503 in
1510 1461 1799 1504 monumentis

225 1532 391 1588 legatio
420 1531 606 1587 legionis
637 1531 701 1575 VI
731 1531 957 1586 Ferratae,
995 1535 1218 1587 praetura,
1249 1531 1472 1584 aedilitas3
1517 1536 1798 1585 quaesturam

227 1604 366 1660 gessit
402 1616 430 1647 a
459 1603 731 1659 Vespasiano
777 1603 1112 1657 commendatus,
1157 1602 1328 1647 scilicet
1373 1606 1478 1647 ante
1524 1615 1683 1647 annum
1731 1604 1799 1647 79.

226 1676 375 1730 Atque
420 1675 623 1729 quoniam
667 1674 889 1719 intersunt
933 1686 1071 1728 usque
1116 1675 1172 1718 ad
1208 1674 1474 1728 legationem
1503 1674 1712 1729 Belgicae
1743 1676 1799 1718 ad

226 1747 448 1791 minimum
477 1746 772 1802 septendecim
802 1746 917 1801 anni,
949 1746 1107 1800 quibus
1137 1745 1303 1790 Glitius
1332 1746 1485 1801 paucis
1515 1746 1641 1790 modo
1661 1746 1798 1801 magi·

227 1819 442 1863 stratibus
486 1818 664 1863 functus
704 1821 784 1873 est,
829 1830 927 1862 eum
965 1830 1052 1863 non
1082 1817 1220 1862 multo
1251 1822 1356 1862 ante
1386 1830 1547 1862 annum
1579 1818 1635 1862 79
1667 1830 1798 1872 quae·

226 1894 390 1935 storem
419 1889 557 1935 fnisse
587 1889 843 1934 censuimus.

370 1961 469 2018 Qua
498 1962 553 2005 de
583 1973 717 2006 causa
736 1960 987 2006 Domitiano
1018 1961 1283 2016 imperatore
1313 1960 1498 2005 Atilium
1527 1961 1799 2006 aedilitatem

228 2033 346 2078 circa
376 2045 512 2077 annos
542 2032 636 2077 fere
666 2033 843 2076 81—90
875 2032 1117 2077 obtinuisse
1147 2033 1403 2077 ratiocinati
1432 2045 1592 2078 sumus.

159 2161 226 2203 73.
842 2195 854 2207 .
887 2194 900 2206 .
933 2195 945 2207 .
979 2163 1188 2222 Sospes.
1840 2162 1974 2246 αῙ-Πὲξὲθ

371 2247 603 2293 Invenitur
646 2247 693 2291 in
737 2247 869 2292 titulo
901 2248 1174 2292 Antiocheno
1204 2247 1399 2291 Pisidiae
1438 2247 1484 2292 in
1514 2251 1642 2302 parte
1672 2260 1798 2303 supe·
1836 2258 1988 2294 85—90.

229 2319 346 2363 riore
386 2318 589 2363 mutilato
621 2318 717 2363 CIL
746 2318 817 2362 III
849 2320 933 2363 291
953 2338 1008 2355 =
1026 2320 1161 2362 6818:
1207 2318 1296 2362 fuit
1324 2318 1530 2363 triumvir
1560 2331 1667 2362 auro
1697 2332 1799 2362 aere

231 2394 414 2445 argento
453 2389 596 2433 flando
627 2389 840 2444 feriundo,
879 2390 1081 2434 tribunus
1110 2389 1297 2447 legionis
1326 2390 1464 2434 XXII
1494 2390 1800 2445 Primigeniae,

231 2465 438 2516 quaestor
468 2460 626 2505 Cretae
656 2464 702 2504 et
732 2460 1011 2516 Cyrenarum,
1050 2461 1205 2504 aedilis
1236 2461 1411 2516 curulia
1452 2464 1644 2516 praetor,
1673 2474 1798 2516 prae·

229 2533 374 2577 fectus
404 2532 613 2576 frumenti
643 2532 776 2576 dandi
807 2544 862 2576 ex
892 2536 1071 2576 senatus
1097 2532 1307 2587 consulto,
1337 2536 1516 2576 curator
1535 2532 1800 2576 coloniarum

231 2608 278 2648 et
306 2603 648 2659 municipiorum,
678 2603 852 2658 legatus
873 2603 1058 2658 legionis
1078 2604 1194 2648 XIII
1214 2603 1437 2658 Geminae,
1468 2604 1655 2648 donatus
1675 2604 1800 2647 donis

230 2675 494 2719 militaribus
540 2674 818 2730 expeditione
848 2674 1036 2719 Suebica
1065 2679 1111 2719 et
1142 2674 1388 2718 Sarmatica
1429 2687 1590 2719 corona.
1630 2675 1800 2730 murali,

377 2806 412 2850 l)
436 2805 549 2840 Inscr.
574 2804 695 2841 Latin.
721 2805 830 2850 ampl.
856 2804 1019 2841 collectio
1044 2804 1082 2840 11
1107 2815 1160 2841 nr.
1179 2804 1285 2841 3658.

374 2864 413 2909 2)
438 2864 583 2901 Forsch.
608 2875 643 2910 p.
660 2864 718 2900 29.

376 2923 415 2970 8)
439 2923 550 2960 Klein
573 2923 599 2960 t.
625 2934 655 2960 ο.
679 2934 715 2971 p.
733 2924 791 2960 54.
