2046 3242
245 667 311 708 39.

949 235 1243 278 ..23-

457 367 703 420 Cornutum,
750 377 845 408 cum
892 364 1089 409 adlectus
1135 365 1195 409 sit
1235 365 1352 409 inter
1381 363 1625 419 praetorios
1655 375 1683 406 a
1715 362 1878 417 Vespa-

314 439 435 481 siano
469 443 513 480 et
540 437 641 480 Tito
674 437 924 480 censoribus
956 437 1082 480 annis
1116 438 1171 480 73
1203 441 1249 480 et
1282 437 1350 490 74,
1381 434 1570 479 triennio
1602 434 1673 478 vel
1703 433 1879 478 biennio

315 515 417 553 ante
449 508 633 553 aedilem
664 508 800 552 fuisse
832 508 1068 552 verisimile
1099 513 1179 552 est.

850 662 905 707 P.
938 662 1138 706 Tullius
1170 662 1344 708 Varro,

457 748 590 791 Teste
631 747 762 791 titulo
792 747 1099 801 Tarquiniensi
1141 747 1237 791 CIL
1269 746 1335 790 XI
1368 747 1484 790 3364
1524 745 1612 789 tuit
1642 743 1881 798 quinquen·

315 819 428 863 nalis
455 818 717 873 Tarquiniis,
749 823 928 873 praetor
958 818 1178 873 Etruriae,
1212 818 1432 862 decemvir
1461 817 1658 861 stlitibus
1688 814 1882 859 indican-

315 891 394 945 dis,
425 891 626 934 tribunus
657 890 843 934 militum
874 890 1059 945 legionis
1080 890 1188 933 XVI
1221 889 1416 943 Flaviae,
1447 892 1656 942 quaestor
1679 887 1884 940 urbanus,

316 962 470 1006 aedilis
502 962 697 1016 Cerialia
743 967 932 1017 praetor,
974 962 1149 1017 legatus
1188 961 1374 1016 legionis
1405 960 1497 1004 XII
1528 958 1807 1003 Fulminatae
1837 963 1885 1002 et

316 1033 381 1077 VI
412 1033 619 1077 Victricis
662 1033 761 1087 piae
804 1033 957 1088 fidelis,
987 1032 1217 1088 proconsul
1247 1031 1501 1087 provinciae
1530 1028 1741 1075 Baeticae
1771 1028 1883 1073 ulte·

316 1105 445 1148 rioris
487 1105 740 1159 Hispaniae,
790 1104 1041 1159 praefectus
1088 1104 1250 1148 aerarii
1295 1103 1488 1157 Saturni,
1539 1105 1718 1146 curator
1766 1099 1883 1144 alvei

317 1176 489 1219 Tiberis
530 1180 576 1220 et
615 1176 807 1230 riparum
848 1181 894 1220 et
931 1176 1176 1220 cloacarum
1207 1175 1339 1230 urbis,
1378 1175 1553 1230 legatus
1583 1172 1774 1229 Augusti
1803 1183 1884 1227 pro

317 1251 521 1302 praetore
567 1247 759 1291 Moesiae
810 1247 1059 1302 superioris,
1108 1246 1339 1302 proconsul
1389 1245 1643 1301 provinciae
1693 1243 1885 1298 Ati-icae,

319 1318 478 1373 consul,
510 1331 661 1373 augur.

461 1402 582 1445 Idem
612 1406 877 1446 testamento
908 1415 986 1446 suo
1017 1403 1211 1446 thermas
1231 1401 1484 1456 Tarquiniis
1505 1400 1675 1444 exstrui
1706 1396 1887 1455 iussit,¹)

319 1484 427 1526 quas
462 1472 650 1526 perfecit
691 1472 818 1516 filius.
880 1473 1079 1527 Denique
1110 1473 1224 1517 idem
1255 1485 1352 1517 esse
1382 1473 1571 1526 videtur,
1617 1471 1740 1515 cuius
1769 1469 1886 1514 filius

319 1544 446 1587 heres
477 1543 622 1587 factus
650 1549 719 1588 est
739 1545 938 1588 Dasumii
960 1543 1239 1601 cuiusdam,¹)
1275 1544 1410 1599 cuius,
1440 1547 1491 1587 ut
1522 1546 1716 1598 putatur,
1746 1546 1885 1586 testa·

319 1619 510 1659 mentum
541 1615 751 1670 scriptum
783 1620 955 1660 aestate
986 1617 1089 1660 anni
1123 1617 1207 1659 108
1239 1616 1451 1660 traditum
1483 1612 1607 1671 est.¹)

461 1699 509 1742 P.
541 1699 730 1742 Tullium
762 1699 1002 1743 Varronem
1042 1700 1264 1744 tribunum
1299 1699 1487 1744 militum
1516 1698 1654 1742 fuisse
1683 1701 1888 1752 putamus

319 1783 404 1814 non
437 1775 540 1814 ante
571 1784 608 1814 a.
643 1772 710 1826 71,
743 1784 838 1814 cum
868 1771 984 1827 legio
1015 1772 1125 1816 XVI
1157 1785 1184 1815 a
1214 1772 1486 1826 Vespasiano
1518 1770 1761 1814 constituta
1791 1781 1888 1813 esse

319 1842 535 1886 videatur.
545 1841 580 1899 ⁴)
641 1843 789 1896 Atque
821 1855 916 1886 cum
946 1844 1198 1887 Domitiano
1229 1844 1473 1898 imperante
1503 1842 1672 1886 Moesia
1701 1841 1748 1885 in
1778 1841 1888 1884 duas

319 1914 568 1967 provincias
599 1914 743 1958 divisa
773 1915 844 1970 sit,
874 1919 975 1969 post
1006 1927 1164 1958 annum
1196 1916 1249 1959 81
1283 1914 1479 1969 praefuit
1501 1914 1673 1957 'Pullius
1694 1912 1889 1956 Moesiae

321 1985 545 2038 superiori.
554 1983 590 2041 ⁶)
650 1986 851 2040 Denique
897 1987 1099 2040 quoniam
1143 1986 1394 2041 procuratio
1440 1985 1558 2030 alvei
1587 1984 1761 2029 Tiberis
1791 1996 1888 2028 cum

322 2068 428 2098 cura
471 2056 664 2110 riparum
710 2061 756 2101 et
799 2057 1043 2101 cloacarum
1073 2058 1264 2102 Traiano
1304 2059 1474 2101 demum
1513 2057 1759 2111 imperante
1788 2067 1888 2099 con-

321 2127 472 2170 iuncta
502 2125 617 2183 sit,⁶)
663 2128 786 2171 illum
830 2129 1137 2184 magistratum
1183 2129 1302 2183 cepit
1330 2141 1417 2172 non
1462 2133 1567 2172 ante
1598 2139 1758 2171 annum
1791 2127 1888 2181 110,

323 2210 450 2251 quem
479 2198 574 2242 fere
604 2199 722 2242 inter
745 2213 905 2243 annum
925 2205 971 2244 et
994 2202 1075 2243 121
1098 2202 1148 2245 P.
1169 2201 1360 2244 Tullium
1381 2201 1622 2244 Varronem
1643 2202 1889 2243 curatorem

322 2269 459 2315 fuisse
490 2270 693 2324 opinatus
725 2275 794 2314 est
822 2270 1095 2328 Borghesi.⁷)

468 2425 504 2470 1)
530 2425 608 2460 CIL
632 2425 686 2460 XI
715 2425 818 2460 3366.

466 2484 504 2529 2)
530 2485 608 2520 CIL
633 2485 687 2520 XI
715 2485 819 2520 3365.

467 2544 504 2590 3)
529 2545 608 2581 CIL
632 2545 686 2581 VI
712 2544 837 2580 10229.

465 2605 505 2651 4)
529 2605 648 2650 Pauly
677 2604 1048 2650 Realencyclopaedie
1071 2604 1126 2640 IV
1149 2604 1219 2640 896
1255 2604 1496 2650 (Grotefend).
1545 2604 1709 2641 Pfitzner
1743 2604 1889 2641 Kaisar-

323 2666 493 2712 legionen
515 2677 551 2711 p.
570 2665 626 2701 70.
653 2664 709 2701 72.

467 2725 506 2771 5)
530 2724 744 2770 Marquardt
765 2724 786 2760 1
810 2724 891 2760 303.

468 2785 506 2831 6)
531 2783 739 2830 cantu-elli,
764 2784 802 2820 la
825 2783 919 2820 serie
942 2783 1002 2820 dei
1025 2786 1209 2819 curatores
1233 2783 1386 2819 Tiberis.
1423 2783 1520 2819 Bull.
1538 2783 1634 2819 della
1649 2793 1774 2819 comm.
1791 2782 1889 2819 neh.

326 2844 513 2880 comunale
537 2844 575 2879 di
598 2844 715 2880 Roma
738 2844 847 2880 XVII
872 2843 964 2879 1889
987 2854 1023 2889 p.
1043 2843 1122 2879 196.
1171 2843 1278 2879 Pallu
1303 2843 1348 2878 de
1371 2843 1518 2879 Lessert
1541 2843 1656 2880 fasten
1679 2843 1700 2878 I
1725 2842 1804 2878 189.

470 2905 507 2950 7)
532 2915 588 2951 op.
613 2904 648 2940 V
671 2904 728 2941 63.

1956 713 1972 749 1
