2046 3242
843 266 1141 308 ..67-

348 400 446 444 Hae
491 399 538 442 in
583 398 681 442 vita
725 397 963 452 diligenter
1010 394 1342 448 distinguuntur
1381 404 1534 435 cursus
1574 392 1783 434 honorum

202 471 462 517 militarium
505 474 551 513 et
594 468 800 524 civilium,
847 480 956 522 quos
986 465 1191 519 obtinuit,
1239 470 1373 518 atque
1405 463 1547 507 elueet
1580 476 1604 504 e
1636 463 1784 506 verbis

203 542 442 598 Capitolini
473 543 513 596 6,
545 542 572 584 3
606 542 707 586 dein
732 555 814 597 per
843 539 1118 586 Comodum
1149 538 1207 582 ad
1240 537 1430 582 Galliam
1460 537 1693 580 translatum
1738 539 1785 578 et

203 616 246 669 6,
278 615 308 658 7—
335 614 437 659 ‘dein
461 617 716 671 praeturam
740 613 820 669 eqit
839 612 919 657 sub
943 611 1169 657 Commodo
1194 609 1540 666 famosissimam.
1573 611 1677 650 ante
1708 619 1783 649 an·

202 697 307 729 num
340 685 425 728 179
457 683 653 727 Clodium
684 695 825 736 neque
855 686 1108 737 praeturam
1141 680 1330 734 gessisse
1361 691 1501 732 neque
1526 678 1572 721 in
1593 676 1784 721 Galliam

203 755 470 800 translatum
501 767 608 809 esse,
640 754 715 798 ubi
744 755 860 811 tusis
878 754 1041 811 fugatis
1057 753 1256 810 pentibus
1278 751 1610 796 transrhenanis
1635 750 1786 795 celebre

202 842 360 874 nomen
393 842 520 872 suum
555 861 564 871 .
599 860 608 870 .
644 861 653 871 .
685 827 796 883 fecit.

349 910 630 954 Antecedunt
661 909 815 952 verba:
864 908 1123 965 Bithynicos
1153 908 1361 952 exercitus
1392 922 1437 950 eo
1468 907 1662 963 tempore,
1703 919 1786 961 quo

204 982 391 1027 Avidius
420 982 654 1036 rebellabat,
678 981 868 1037 fideliter
897 981 1049 1025 lantolt.

348 1065 524 1108 Clodius
558 1076 654 1107 eum
683 1063 826 1118 prima
855 1061 1076 1117 stipendia
1108 1061 1317 1104 meruerit
1351 1062 1432 1103 sub
1454 1061 1510 1103 M.
1529 1060 1709 1103 Aurelio
1740 1064 1787 1103 et

203 1135 255 1181 L
277 1136 394 1180 Vero
426 1134 763 1190 imperatoribus
784 1132 1072 1189 (Iol—169),
1104 1132 1181 1175 vix
1213 1131 1299 1175 fnit
1331 1144 1445 1174 anno
1472 1132 1554 1174 175
1583 1131 1786 1175 tribunus

203 1207 404 1262 militum,
435 1207 512 1250 sed
543 1218 640 1251 eum
672 1217 768 1249 eum
799 1205 1006 1248 mandato
1037 1203 1401 1256 extraordinario,
1434 1203 1638 1256 quoniam
1659 1215 1784 1257 prae-

201 1278 310 1323 torii
340 1278 466 1322 modo
496 1277 742 1332 legionibus
772 1280 1020 1331 praeerant,
1067 1276 1184 1330 apud
1226 1274 1471 1318 exereitum
1503 1273 1639 1317 fuisse
1671 1274 1785 1318 veri·

202 1349 347 1395 simile
378 1353 457 1393 est.
518 1349 689 1403 Itaque,
729 1360 826 1392 eum
868 1347 1020 1403 primis
1051 1346 1322 1401 temporibus
1356 1346 1576 1389 Commodi
1608 1351 1787 1400 praetor

202 1420 351 1465 iaetus
372 1433 468 1464 esse
489 1420 696 1465 videatur
715 1432 740 1462 e
761 1419 910 1463 verbis
931 1418 1180 1474 Capitolini,
1213 1417 1488 1462 aedilitatem
1510 1418 1627 1461 inter
1648 1430 1785 1460 annos

209 1493 296 1537 176
329 1497 375 1536 et
410 1493 493 1536 179
525 1492 758 1547 posuimus.

101 1652 203 1696 118.
666 1646 721 1691 C.
753 1645 936 1691 Sallius
967 1646 1325 1690 Aristaenetus.
1843 1645 1948 1684 Inter

349 1731 593 1775 Secundum
624 1732 732 1774 duos
762 1731 918 1775 titulos
949 1731 1140 1774 urbanos
1173 1729 1270 1773 CIL
1292 1729 1356 1773 VI
1392 1731 1518 1783 1511,
1554 1731 1667 1773 1512
1700 1730 1787 1775 fuit
1803 1695 2004 1780 18*sz

201 1803 446 1858 septemvir
475 1803 718 1858 epulonum,
748 1803 912 1847 sodalis
934 1801 1206 1856 Augustalis
1240 1801 1453 1845 iuridieus
1479 1814 1559 1856 per
1579 1802 1787 1846 Picenum

204 1877 253 1918 et
272 1873 490 1930 Apuliam,
522 1878 701 1918 curator
731 1874 902 1918 viarum
926 1874 1132 1918 Aureliae
1165 1878 1209 1916 et
1234 1872 1465 1916 Corneliae
1496 1873 1788 1928 triumphaIiS‚

204 1948 388 2000 praetor
433 1945 693 1989 candidatus
739 1945 987 1999 tutelarius,
1031 1948 1240 1999 quaestor
1271 1944 1528 1998 designatus
1559 1949 1605 1988 et
1636 1946 1787 1988 eodem

205 2029 321 2060 anno
365 2017 422 2060 ad
462 2017 734 2061 aedilitatem
765 2021 1001 2072 promotuS,
1048 2017 1269 2060 decemvir
1301 2016 1499 2059 stlitibus
1530 2016 1787 2070 indic-audite,

206 2091 360 2132 orator
389 2089 613 2132 maximus.
675 2089 1018 2143 cognominatur
1048 2089 1118 2132 vir
1150 2088 1429 2131 clarissimus.

351 2171 457 2215 Cum
489 2172 680 2215 eiusdem
711 2184 867 2215 nomen
887 2172 1138 2227 reperiatur
1157 2171 1203 2215 in
1223 2171 1409 2215 nummis
1431 2172 1787 2227 Byzantinorum,

209 2243 286 2296 qui
336 2243 550 2298 imagines
601 2243 802 2298 Septimii
854 2243 1020 2298 Severi,
1070 2243 1212 2287 Iuliae
1259 2243 1467 2297 Domnae,
1518 2243 1787 2298 Caracallae,

205 2313 351 2358 Getae
382 2314 584 2359 Caesaris
615 2315 837 2369 exhibent,
846 2313 883 2370 ²)
922 2315 1086 2358 archon
1117 2315 1325 2370 Byzantii
1366 2315 1453 2358 fuit
1494 2314 1612 2358 inter
1650 2327 1788 2358 annos

211 2386 299 2429 198
330 2390 378 2430 et
408 2387 507 2430 209.

351 2469 502 2524 Recte,
548 2474 598 2514 ut
640 2474 858 2524 putamus,
903 2470 1019 2514 hune
1066 2471 1248 2514 eundem
1295 2482 1391 2512 esse
1423 2469 1604 2512 Sallium
1652 2474 1786 2522 atque

206 2541 539 2585 Aristaenetum
570 2541 865 2596 Byzantinum
896 2554 924 2585 a
952 2539 1270 2596 Philostrato&
1311 2541 1538 2584 laudatum
1571 2538 1786 2596 Dessau⁸)

207 2612 416 2667 opinatus
447 2616 527 2656 est.

355 2766 392 2810 1)
417 2765 502 2801 PIR
526 2765 584 2801 III
611 2765 690 2801 158.

353 2824 392 2869 2)
417 2825 493 2861 Vit.
520 2824 619 2870 soph.
645 2824 684 2860 11
708 2835 742 2869 p.
761 2825 818 2869 95,
844 2825 868 2859 4
892 2825 1044 2869 Kayser.

354 2884 392 2928 3)
417 2884 540 2920 Herm.
568 2883 671 2919 XXV
702 2883 781 2919 158.
