2046 3242
807 261 983 303 -55
1044 282 1109 292 -.

171 391 328 452 δή[μου
348 388 574 446 Ῥωμαίων
604 389 822 448 ἔ]παρχον
852 387 1072 447 αἷραρῆυυ
1101 390 1182 432 τοῦ
1202 385 1376 445 Κρόνου
1406 388 1450 430 δι
1481 386 1555 431 vel
1585 384 1744 443 ὄτταν]-

172 461 378 520 ορθωτὴν
407 462 637 521 Pal-[atah
673 459 889 516 Τρόκμων
918 456 1340 519 προσ]τατευ’σαντ[α
1371 459 1446 501 καὶ
1477 454 1744 515 ὀμιμελησιί-

171 534 328 594 μεν]ον
358 531 500 578 αὐτῶν
530 534 606 576 καὶ
640 567 650 578 .
685 567 695 578 .
730 567 741 579 .
772 530 898 591 τόπῳ
928 533 1004 575 καὶ
1030 564 1049 577 .
1079 564 1091 578 .
1123 564 1135 577 .

315 618 554 663 Antonium
595 621 696 673 post
727 629 886 661 annum
919 617 1003 660 135
1036 618 1313 671 quaestorem
1342 614 1509 670 Lyciae
1540 617 1588 657 et
1616 612 1745 656 Pam·

172 690 351 746 phyliae
390 689 527 735 fuisse
567 689 669 733 inde
699 688 986 743 intellegitur,
1027 687 1143 742 quod
1172 686 1255 730 hoc
1286 698 1399 730 anno
1430 684 1659 740 provincia
1689 684 1746 727 ab

173 761 398 806 Hadriano
430 760 605 804 senatui
634 760 811 804 reddita
841 763 920 804 est.
931 757 965 815 1)
1017 758 1192 813 Optime
1223 769 1321 801 eum
1352 756 1539 800 contulit
1562 752 1746 810 Klebs')

173 845 271 877 cum
300 832 493 876 Antonio
524 831 726 875 Memmio
757 831 951 875 Hierone
995 829 1145 884 legato
1178 828 1371 883 Augusti
1415 840 1494 883 pro
1540 830 1747 882 praetore

173 903 476 959 Cappadociae
521 904 602 947 sub
632 899 896 958 Philippis&
941 901 1164 945 nominato
1195 900 1241 943 in
1271 899 1490 943 milliariis
1521 898 1748 953 Cappado-

175 977 280 1031 ciae,
313 987 436 1030 quae,
469 987 565 1018 cum
594 974 653 1018 M.
674 973 814 1017 Iulius
843 972 1075 1027 Philippus
1108 971 1224 1015 filius
1254 972 1443 1015 nondum
1474 969 1749 1025 cognomine-

174 1051 249 1092 tur
279 1047 517 1101 Augustus,
549 1045 668 1089 inter
698 1056 835 1088 annos
866 1044 954 1087 244
986 1047 1032 1086 et
1064 1044 1148 1086 247
1182 1042 1328 1097 posita
1358 1046 1473 1085 sunt.

316 1129 604 1185 Legationem
649 1140 728 1183 pro
773 1131 979 1183 praetore
1020 1126 1335 1181 Cappadociae,
1381 1126 1595 1179 siquidem
1635 1125 1750 1168 idem

175 1206 245 1246 est
275 1201 493 1246 Antonius
538 1200 585 1244 in
629 1199 916 1254 inscriptione
947 1198 1120 1242 Graeca
1158 1197 1407 1241 nominatus
1448 1200 1583 1250 atque
1615 1196 1751 1239 Mem-

174 1274 286 1317 mius
316 1272 464 1326 Hiero,
498 1284 583 1316 non
614 1271 751 1315 multo
782 1274 883 1326 post
913 1269 1201 1325 magistratus
1232 1269 1278 1312 in
1307 1268 1441 1312 titulo
1473 1271 1752 1311 enumeratos

175 1344 325 1400 gessit.
386 1343 473 1388 Tot
502 1343 642 1398 igitur
672 1342 798 1386 annis
829 1346 949 1386 retro
980 1341 1256 1396 computatis,
1299 1343 1407 1394 quot
1438 1343 1532 1383 tum
1563 1339 1751 1382 honores

175 1415 387 1460 nominati
433 1414 704 1468 obtinebant,
750 1413 869 1457 inter
907 1425 1044 1457 annos
1074 1411 1170 1456 fere
1201 1413 1287 1455 225
1320 1415 1367 1455 et
1398 1411 1485 1455 235
1517 1410 1590 1454 vel
1621 1410 1752 1465 paulo

177 1491 280 1532 ante
311 1486 584 1531 aedilitatem
615 1485 805 1541 gessisse
834 1488 1029 1540 putatur.

319 1570 559 1615 Liebenam
567 1567 604 1626 ⁴)
651 1569 767 1613 hunc
811 1567 1051 1612 Antonium
1097 1566 1324 1611 coniunxit
1370 1578 1467 1610 cum
1513 1565 1753 1609 Senecione

177 1642 379 1687 Memmio
410 1641 531 1695 Afro,
578 1641 727 1696 legato
759 1639 1027 1694 Aquitaniae
1066 1639 1185 1684 inter
1221 1650 1358 1683 annos
1387 1637 1484 1681 fere
1515 1638 1573 1680 90
1606 1640 1652 1680 et
1684 1638 1755 1682 92.

107 1783 176 1826 91·
537 1782 595 1837 Q.
627 1782 837 1827 Comius
868 1781 1100 1839 Armiger
1130 1781 1396 1825 Crescens.
1768 1775 1957 1860 'Iiffinffi—

321 1867 497 1912 Titulus
518 1867 820 1912 Sicilibbensis
850 1878 990 1921 nuper
1019 1868 1223 1921 repertus
1231 1863 1267 1921 ⁸)
1298 1865 1379 1909 hos
1410 1864 1591 1908 exhibet
1620 1864 1877 1908 hono-omis
1893 1871 1964 1908 aab

179 1952 268 1984 res:
314 1939 470 1983 aedilis
501 1938 676 1994 curuIiS,
717 1938 773 1982 ab
805 1937 918 1982 actis
949 1941 1141 1992 senatus,
1181 1940 1402 1991 quaestor,
1433 1935 1554 1980 sevir
1582 1939 1756 1979 turmae
1787 1918 1944 2003 ἓξὲξ

180 2012 397 2055 secundae
443 2023 523 2055 arn
539 2009 597 2067 (Ρ)
630 2044 639 2054 .
670 2044 681 2055 .
712 2043 722 2054 .
755 2009 961 2064 equitum,
1007 2008 1230 2053 decemvir
1267 2007 1466 2052 stlitibus
1496 2007 1756 2051 indicandis.

181 2082 522 2139 Coguominatur
551 2082 622 2127 vir
653 2081 930 2125 clarissimus

22 2187 63 2264 ἒ
111 2223 179 2267 92.
827 2254 840 2268 .
873 2254 886 2268 .
919 2254 932 2268 .
964 2223 1109 2267 elius.

31 2284 33 2310 ⁷
325 2308 535 2352 Frustula
565 2309 747 2352 duorum
776 2307 1007 2352 titulorum
1036 2306 1219 2351 Brixiae
1249 2309 1429 2360 reperta
1459 2305 1556 2350 CIL
1577 2305 1618 2348 V
1639 2306 1757 2348 4363

183 2384 229 2424 et
260 2381 378 2424 4364
410 2381 467 2424 ad
497 2380 681 2424 eundem
711 2379 854 2424 virum
883 2379 1108 2434 pertinere
1139 2378 1358 2422 videntur.
1419 2376 1517 2421 CIL
1549 2377 1589 2420 V
1620 2377 1758 2420 4363:

329 2510 365 2555 1)
390 2509 604 2555 Marquudt
627 2509 647 2545 I
672 2509 754 2545 376.

327 2568 366 2614 2)
390 2568 476 2605 ΡΙΒ.
498 2567 519 2604 Ι
544 2568 624 2604 101.

326 2628 365 2673 3)
390 2627 469 2664 CIL
493 2627 552 2663 ΠΙ
575 2627 681 2663 6914.
707 2627 812 2663 6915.
838 2626 944 2663 6941.
969 2626 1075 2662 6942.
1099 2625 1206 2661 6946.
1232 2624 1338 2660 6947.
1355 2624 1462 2660 6955.
1482 2622 1610 2659 12165.
1630 2621 1762 2663 12181.

186 2687 314 2724 12192.
342 2687 470 2723 12199.
498 2686 625 2723 12212.

328 2747 368 2792 4)
391 2746 538 2783 Forsch.
563 2757 599 2792 p.
619 2745 699 2782 122.

329 2807 368 2852 5)
394 2806 538 2852 Cagnat
559 2809 598 2842 et
613 2804 765 2842 Besnier
779 2804 939 2841 Ia‘annee
963 2803 1079 2850 epigr.
1099 2803 1192 2839 1904
1216 2813 1271 2839 nr.
1291 2802 1360 2838 175
1372 2817 1420 2832 =-
1432 2802 1603 2847 comptos
1625 2800 1761 2837 rendns

186 2866 231 2902 de
266 2865 393 2902 l’acad.
419 2865 483 2902 des
517 2864 683 2910 inscript.
709 2868 747 2901 et
781 2864 894 2900 belles
929 2863 1058 2900 lettres
1096 2862 1189 2899 1904
1225 2873 1260 2908 p.
1278 2861 1360 2898 335.
1410 2859 1593 2907 Apposuit
1616 2860 1762 2906 Cagnst

186 2925 330 2962 saeculo
354 2924 464 2962 tertio
490 2925 639 2962 exeunti
662 2924 763 2962 insta
787 2934 898 2960 cansa
920 2933 994 2960 non
1017 2923 1142 2959 allata.
